2968 4896
704 1086 969 1188 xxxvllt.

358 1311 479 1424 Aeg.
518 1305 749 1400 Sirauch
786 1310 1084 1412 Κατηχοάμενος
1121 1305 1322 1396 historice

686 1443 921 1557 descriptus
934 1443 985 1559 t).

318 1703 418 1764 Ardua
440 1719 488 1761 res
513 1709 574 1776 est,
605 1693 764 1760 christiaha
787 1697 925 1776 (logmata
955 1695 1097 1758 instillare
1128 1695 1196 1758 aliis
1228 1697 1387 1778 iisdemque
1408 1699 1459 1757 ot'

233 1787 381 1854 Christum
407 1787 611 1871 profiteantur,
637 1787 825 1868 persuadere.
861 1783 1004 1860 Quamvis
1029 1795 1125 1846 autern
1150 1777 1286 1868 ὑπεροχὴ
1309 1771 1433 1866 λόγονῆ

232 1877 343 1952 σοφίας
360 1879 393 1960 (l
415 1877 483 1939 Cor.
504 1879 530 1949 l,
549 1876 615 1952 22¹)
631 1896 684 1957 per
699 1895 732 1936 se
751 1893 853 1955 parum
873 1870 996 1949 efficiat,
1014 1872 1096 1956 (coll.
1116 1875 1130 1934 l
1152 1871 1221 1936 Cor.
1237 1872 1268 1951 2,
1290 1876 1332 1952 1.)
1350 1873 1432 1932 danda

232 1963 422 2026 nihilominus
441 1973 606 2044 operaest,
631 1973 661 2023 ut
679 1961 821 2024 ecclesiae
845 1957 970 2022 ministri
996 1972 1053 2021 non
1072 1959 1168 2022 minus
1185 1981 1271 2042 quam
1291 1961 1339 2023 alii
1356 1953 1432 2020 teto-

232 2053 333 2112 ατινοί
358 2069 525 2132 appaream.
567 2048 727 2110 Artifirium
755 2045 966 2110 didascalicum
995 2048 1259 2130 exquisitissimum
1287 2048 1429 2110 Paulinum

232 2137 305 2200 illud
324 2139 386 2216 fuit,
405 2141 439 2200 rte
456 2143 513 2218 qno
529 2137 652 2218 ipsemet
668 2137 697 2197 in
715 2135 803 2198 citata
820 2135 900 2216 prius
917 2133 1041 2217 epistola
1057 2137 1151 2218 inquit
1165 2135 1195 2214 3,
1211 2139 1251 2198 2':
1273 2127 1350 2220 γάλα
1366 2129 1431 2212 ὑμᾶς

232 2217 363 2288 ἐπότισα
378 2225 427 2288 καὶ
445 2220 482 2285 οὐ
497 2223 617 2308 βρῶμα,
636 2215 723 2286 οὕτω
739 2218 796 2306 γὰρ
812 2215 989 2304 ἠδύνασθε,
1007 2223 1114 2306 quihus
1131 2224 1227 2286 rerhis
1244 2225 1353 2288 indicat
1368 2243 1429 2304 apo·
1458 2253 1459 2308 ρ

233 2313 346 2389 stolus,
363 2315 393 2375 in
411 2312 596 2396 paedagogia
613 2311 774 2374 christiana
793 2330 867 2392 opos
885 2331 950 2372 csse
969 2312 1123 2392 prudentia
1140 2315 1284 2394 quadam,
1308 2333 1360 2389 ne,
1376 2313 1430 2370 don
1458 2313 1459 2326 ¹

232 2403 383 2464 ruethorlus
401 2399 580 2482 negligitur,
606 2399 750 2462 institutio
767 2399 832 2480 ipsa
847 2398 968 2460 salutari
986 2399 1043 2461 tiae
1061 2408 1177 2478 carcat5
1203 2399 1429 2482 quemadmodum

230 2489 268 2566 is,
289 2490 338 2571 qai
353 2488 481 2552 infantili
498 2488 647 2550 stomacho
665 2487 761 2548 cibum
778 2485 887 2566 ingerit
903 2487 1031 2551 robustis
1049 2488 1186 2566 detritum,
1210 2509 1270 2549 non
1289 2487 1374 2550 nutrit
1387 2483 1428 2546 sot

233 2578 348 2638 occidit.
380 2577 472 2640 Omne
490 2575 545 2638 Dei
562 2577 682 2637 verbam
700 2595 764 2636 curn
782 2573 868 2634 melle
884 2585 911 2635 ct
927 2573 1001 2636 lacte
1019 2578 1055 2636 oh
1074 2576 1245 2638 suavitatem
1263 2597 1346 2640 suan
1362 2593 1428 2636 corn·

230 2675 361 2746 paratur,
389 2666 504 2744 quando
523 2661 577 2724 mel
596 2673 623 2724 ct
641 2663 686 2724 lac
704 2663 840 2724 dicuntur
858 2664 984 2724 subesse
1001 2663 1121 2744 linguae
1138 2669 1265 2744 sponsae
1283 2661 1361 2724 illius
1376 2681 1429 2741 ruy-

232 2749 324 2813 stieae
342 2751 427 2814 Cant.
442 2749 473 2828 4,
494 2755 549 2827 113
567 2751 683 2834 quando
698 2749 766 2812 item
784 2751 820 2810 ad
839 2749 1085 2812 christianismum
1103 2751 1238 2814 conversi
1257 2760 1429 2817 mouentora

229 2837 316 2902 Petro
334 2839 370 2916 (l,
386 2837 417 2916 2,
435 2839 477 2918 2.)
494 2845 527 2898 ut
543 2838 753 2922 concupiscant
769 2824 805 2896 τὸ
822 2825 945 2918 λογικὸν
962 2828 1076 2899 ἄδολον
1094 2831 1182 2920 γάλα,
1207 2843 1242 2902 ele
1260 2862 1317 2922 quo
1335 2833 1428 2900 mentio

229 2920 308 2988 faola
324 2927 421 2988 fuerat
440 2927 476 3006 l,
495 2927 547 2990 23.
587 2925 756 3006 Singularis
781 2935 877 2985 tamen
901 2925 1048 3006 emphasis
1073 2928 1193 3004 subest,
1217 2929 1333 3010 quando
1351 2923 1429 3006 prima

231 3015 405 3077 christianae
434 3013 626 3076 institutionis
652 3013 797 3074 elementa
820 3011 905 3073 lactis
931 3033 1094 3092 cognomen
1116 3015 1226 3078 hahent
1249 3028 1278 3078 ct
1303 3013 1428 3092 coeperis

230 3109 361 3184 τροφαῖς
388 3112 589 3184 opponuntur,
614 3100 654 3160 uti
679 3121 737 3160 non
763 3109 871 3160 tanturn
894 3103 932 3161 ad
951 3101 1135 3178 Corinthios,
1160 3105 1212 3164 sed
1236 3105 1272 3165 arl
1291 3103 1428 3166 Hebraeos

230 3211 345 3270 quoque
370 3187 422 3268 (5,
451 3191 515 3268 17.)
540 3190 640 3250 eadem
664 3186 852 3248 similitudine
878 3186 1031 3266 apostolas
1054 3211 1127 3252 usus
1156 3203 1208 3254 est.
1253 3189 1428 3272 Significator

231 3276 306 3338 enirn
324 3275 450 3355 figurata
469 3277 523 3336 hae
539 3272 681 3357 loquendi
697 3271 840 3352 formula,
866 3273 1043 3338 Christianis
1068 3277 1201 3357 novitiis,
1228 3279 1277 3360 qui
1299 3278 1427 3340 intantum

229 3363 322 3424 instar
338 3375 415 3440 sunt,
441 3361 471 3423 in
488 3361 659 3441 compendio
677 3361 759 3442 prius
776 3383 889 3424 summa
904 3361 971 3426 ficei
989 3363 1094 3446 capita,
1119 3367 1203 3430 lactis
1220 3367 1321 3443 instar,
1342 3357 1426 3424 instil-

229 3451 318 3512 lanrla
336 3471 411 3525 csse,
436 3471 520 3531 qoam
540 3449 686 3530 copiosior
703 3449 856 3528 institutio,
883 3473 958 3533 quae
975 3452 1125 3514 elenchum
1144 3453 1267 3536 insuper
1285 3465 1312 3516 et
1330 3449 1427 3528 reliqua

230 3535 359 3619 theologi
376 3537 474 3600 officia
490 3536 718 3618 comprehendit,
736 3537 838 3599 iisdem
858 3550 1043 3620 proponatur.
1067 3577 1112 3586 —
1144 3539 1171 3622 ξ.
1188 3541 1219 3604 2.
1244 3539 1427 3604 Ohserraruat

225 3626 384 3704 *Paulinam
401 3625 565 3689 methodum
583 3625 743 3688 Christiani
761 3625 791 3686 in
808 3625 952 3707 primitiva
968 3627 1114 3706 ecclesia,
1142 3633 1207 3690 dum
1225 3629 1391 3710 incipientes
1405 3639 1425 3678 s·

224 3711 385 3778 'no'ritiolos
402 3710 547 3796 ¹grarlatirir
564 3711 774 3791 informarunt,
799 3713 912 3776 initium
937 3714 1081 3778 facientes
1105 3736 1123 3778 a
1145 3717 1257 3778 rudiori
1275 3709 1425 3793 disciplina

229 3825 314 3884 quam
332 3801 540 3864 catecheticam
558 3803 719 3878 vocabant,
745 3803 823 3862 unde
847 3804 884 3862 arl
902 3802 1063 3864 institutum
1083 3803 1319 3867 catechizantium
1337 3793 1424 3866 Pauli·

228 3909 297 3950 num
315 3889 421 3951 dietum
435 3890 571 3953 Clemens
583 3890 668 3954 Alex.
685 3888 784 3960 refert,
802 3891 918 3966 quanrlo
935 3890 963 3950 id
982 3893 1010 3950 in
1023 3891 1202 3972 Pacdagogo
1219 3893 1264 3972 (1,
1279 3892 1321 3970 6.)
1337 3903 1424 3964 παρα·

229 3965 337 4052 φράζεο
355 3975 403 4037 his
423 3978 540 4040 verbis:
572 3964 747 4060 Κατάχηοα
765 3969 847 4054 ἡμᾶς
871 3974 905 4036 ἐν
922 3975 1051 4059 Χριστῷ
1073 3969 1158 4063 άπλῂ
1182 3979 1232 4042 καὶ
1255 3961 1424 4059 ἀληθεῖκαὶ
1458 3949 1459 4032 l

229 4059 382 4137 αὕτοφυεῐ
400 4061 501 4148 τροφῇ
519 4061 561 4148 τῇ
577 4059 770 4147 πνευματικῇ
787 4073 815 4124 et
839 4062 1030 4146 paulopost:
1066 4053 1134 4146 Trio
1155 4056 1354 4150 yeoiormr'rpir
1368 4051 1423 4118 tet-

229 4143 403 4235 zeopir'yor
419 4145 479 4234 τὴν
490 4149 529 4220 ,ἐκ
549 4140 746 4236 scrupolositas
763 4141 1002 4234 ἀνατρέφουσάν
1021 4153 1066 4226 εἰς
1091 4143 1299 4234 {circitorum
1330 4149 1423 4212 Caetr-
1458 4155 1459 4216 t

224 4249 292 4298 'rum
310 4255 375 4298 cum
393 4238 482 4319 hujus
495 4238 696 4301 ¹ortteohetieac
711 4236 925 4303 informationis
950 4243 1026 4322 apud
1051 4243 1210 4324 scriptores
1228 4241 1357 4324 antiquos
1375 4247 1422 4293 not

296 4459 323 4528 ⁴¹)
344 4458 421 4512 Prorl.
440 4451 528 4515 Vitelr.
551 4461 626 4514 taut.
649 4463 675 4514 4.
