2942 4892
317 217 355 278 tls
371 215 480 281 vetaris
494 195 669 286 anoltcirte.
681 215 865 302 monnone
880 205 991 300 rigore.
1202 219 1271 296 253,

20 386 281 456 studiosaesset
296 389 493 456 diminamm
508 412 526 456 c
542 398 629 460 conta
643 413 763 458 suorum
782 392 945 476 iniquitatis
962 353 1079 475 publico
1094 402 1269 473 marmorato,

22 485 203 542 tentatura.
238 478 362 564 Factum
379 479 445 560 boe,
461 499 498 544 nc
514 479 657 546 modale
676 489 757 546 esset
767 479 1003 548 Christianorum
1019 479 1079 546 rita
1093 477 1268 562 gentilibus,

24 564 105 628 aliis
129 587 208 630 raro
224 565 333 632 sinilia
350 567 518 649 peccaturis
538 577 572 630 ut
592 569 758 652 exemplum
780 578 973 647 statuereturq
998 568 1119 646 deinde,
1143 589 1181 631 no
1198 589 1268 650 porr

25 653 239 720 manentibus
253 654 285 720 in
307 655 450 720 societate
465 655 598 722 fidelium
619 655 815 736 facinorosis,
839 657 939 740 proris
960 677 1060 721 eornm
1086 655 1216 720 moribus
1240 667 1269 722 et
1363 727 1365 734 ,

28 742 284 822 consuetudine,
309 743 359 826 qui
377 746 474 809 adbuc
489 744 556 808 sani
572 755 686 823 essent,
710 745 914 825 inlicereutnr,
939 745 1025 810 sicuti
1051 763 1119 828 pars
1136 744 1268 826 eorporis

28 831 166 913 putrida
185 831 354 914 morbisque
371 843 511 910 enrortoa,
528 832 586 895 nisi
601 833 737 896 abscissa
752 834 851 912 inerit,
867 833 998 918 reliquas
1018 833 1150 914 corporis
1169 841 1268 915 partes

28 917 216 1000 putredinis
233 939 306 984 sure
324 921 500 1001 contagione
519 921 690 1003 corrumpit.
716 957 754 968 -
788 924 816 1008 ξ.
836 921 886 987 10.
910 921 1152 987 Animadversum
1171 931 1268 984 autem

30 1007 94 1070 boc
124 1019 282 1092 extremae
305 1008 492 1073 necessitatis
512 1007 636 1072 fulmine
661 1010 691 1072 iu
716 1011 861 1074 bominem
886 1009 1061 1074 sceleratum
1084 1009 1268 1092 praesidente

32 1097 193 1178 episcopo
211 1107 239 1158 et
258 1097 387 1178 probatis
407 1094 583 1178 quibusque
598 1097 783 1176 senioribus,
808 1119 868 1162 non
891 1111 987 1164 tamen
1004 1097 1129 1162 excluso
1148 1097 1268 1180 populo,

33 1187 120 1266 qnod
156 1193 275 1266 praeter
301 1183 596 1260 Tertullianum
620 1185 650 1246 io
674 1190 850 1268 Apclnqetico
872 1187 944 1265 (39)
973 1189 1091 1250 abunde
1119 1186 1269 1250 coulirmnt
1334 1201 1338 1222 ¹

35 1272 240 1357 Cyprianus,
264 1273 382 1354 qnando
393 1293 419 1336 o
434 1276 587 1354 primordio
602 1280 648 1336 sui
664 1281 842 1356 episcopatos
862 1278 934 1338 nibil
955 1282 1015 1337 eine
1030 1297 1165 1338 connato
1180 1277 1268 1356 plebis

4 1365 6 1370 ’
33 1383 92 1423 ruo
123 1367 265 1442 mutiat
285 1367 423 1424 munatio
444 1368 577 1440 puriore,
603 1361 707 1424 scribit
727 1365 844 1443 opidulo
864 1363 910 1426 ll.
928 1383 956 1442 p.
973 1363 1025 1427 3³.
1066 1365 1144 1426 ldern
1170 1361 1267 1442 etiarn,

35 1451 169 1530 quando
188 1451 290 1527 debet,
311 1449 381 1530 quid
408 1451 445 1512 de
461 1447 635 1512 Plrilnmsno
656 1461 683 1511 ct
698 1450 861 1513 Fortunato
881 1450 1106 1532 hypodiaconis,
1124 1460 1151 1512 et
1167 1450 1267 1512 Faro-

33 1539 107 1600 rino
146 1535 287 1616 acolutho
328 1537 361 1600 in
392 1535 536 1600 ecelesiae
567 1537 800 1602 communionem
834 1531 1022 1602 restituendis
1047 1537 1190 1600 sentiretl
1231 1541 1267 1604 ad

35 1627 242 1708 presbyteros
266 1635 295 1689 et
318 1625 458 1688 diacum
476 1623 613 1707 scripsit,
635 1647 696 1688 rem
722 1628 901 1691 tractandam
926 1645 995 1688 esse
1018 1624 1188 1688 uonsolnm
1207 1647 1268 1688 onor

35 1719 171 1794 collegis,
189 1715 279 1796 sedet
294 1717 445 1794 complebo
461 1719 526 1794 ipso
543 1719 673 1778 unicornu
689 1715 750 1796 (cp.
766 1711 846 1796 28).
891 1715 964 1778 Non·
981 1723 1077 1777 tamen
1093 1713 1192 1776 audita
1210 1735 1267 1778 ron

38 1808 344 1884 urrunnun-truncate
366 1803 446 1883 apud
468 1801 633 1882 lustinum,
657 1800 894 1880 Tertullianum,
919 1804 1089 1880 irenaeum,
1113 1805 1164 1864 reri
1185 1805 1268 1882 lipari

38 1895 140 1964 modo,
158 1892 193 1952 dc
207 1893 320 1952 adem
335 1891 454 1968 auferri,
469 1901 550 1953 antro
564 1893 705 1953 reciarium
721 1894 829 1972 projici,
845 1915 864 1954 c
881 1897 1070 1954 coronacione
1085 1897 1182 1964 arceri,
1197 1898 1267 1971 prb-

38 1983 136 2044 ltiberi
154 1977 345 2053 dicebantur,
369 1995 444 2060 quos
465 1985 714 2042 excommunicatos
737 1999 842 2042 rorare
860 1981 984 2043 solenne
1006 1979 1062 2041 luit
1085 1978 1267 2061 insequentis
1352 1962 1379 2038 f

39 2067 113 2131 acri
133 2065 332 2148 scriptoribus
349 2067 429 2128 sicut
442 2075 471 2128 et
486 2074 776 2144 ercomenonicutioair
792 2068 893 2132 ramae
908 2088 1012 2132 rursus
1024 2087 1082 2130 naon
1099 2065 1189 2130 multo
1205 2077 1270 2149 post

41 2165 174 2220 exortae
192 2154 364 2234 divisiones,
383 2173 458 2236 quas
475 2167 690 2238 persequuntur
708 2159 843 2220 doctores
856 2156 933 2240 juris
950 2156 1094 2220 canonici.
1131 2155 1193 2218 'l'er
1212 2177 1269 2220 au·
1304 2159 1306 2168 ’

41 2257 104 2308 ternu
124 2243 212 2326 prins
229 2245 392 2306 monendus
409 2255 471 2306 erat
489 2267 525 2307 cx
541 2245 684 2308 ecclesiae
701 2247 828 2326 decreto,
845 2245 894 2328 qui
912 2244 1075 2327 ejiciendus
1093 2251 1165 2321 erat,
1184 2261 1270 2324 quatu
1299 2243 1303 2250 ’

41 2331 367 2413 excommnuicationis
383 2332 528 2395 sententia
545 2333 722 2412 ieriobatnr3
749 2355 824 2416 quae
842 2333 959 2414 quidem
976 2331 1050 2394 trina
1071 2331 1190 2392 monitio
1206 2331 1269 2410 pri·

43 2443 129 2485 mum
147 2429 267 2504 recepta
283 2423 320 2484 ad
336 2440 477 2499 normam,
493 2441 579 2503 quarn
591 2421 725 2485 Christus
742 2420 983 2504 praescripserat,
997 2418 1152 2501 posteriori
1165 2427 1269 2495 aetate,

42 2510 156 2574 seculo
184 2508 327 2592 imprimis
343 2509 393 2574 tv.
418 2521 448 2572 et
470 2509 713 2591 insequentibus,
739 2529 805 2572 cnm
829 2511 865 2571 nd
889 2508 1012 2570 lormarn
1040 2518 1134 2572 statos
1158 2506 1269 2592 politici

45 2597 200 2663 ecclesiae
219 2598 351 2679 reginen
366 2607 396 2659 et
412 2617 469 2660 sca
482 2597 596 2681 judicia
612 2599 864 2662 accommodarent
879 2594 1025 2678 episcopi,
1050 2595 1080 2658 in
1099 2606 1158 2660 tres
1176 2597 1270 2676 dege·

44 2687 168 2752 necarit
180 2686 350 2769 judiciales,
368 2682 443 2767 quas
462 2697 582 2764 rorant,
598 2685 762 2749 citationes.
801 2685 890 2747 Hunc
906 2705 1015 2747 morem
1032 2683 1177 2748 ecclesiae
1195 2685 1271 2748 anti·

45 2775 230 2860 quissimnm
247 2794 325 2853 csse,
343 2783 457 2836 constat
473 2795 512 2837 ex
528 2773 702 2850 canonibus,
720 2773 769 2856 qni
787 2778 842 2835 sub
860 2771 1060 2853 apostolorum
1077 2771 1194 2834 nominc
1210 2771 1270 2834 cir-

45 2865 267 2941 cnmieruntcr,
287 2881 352 2926 can.
369 2861 422 2926 36.
460 2897 496 2910 -
531 2860 564 2945 ξ.
582 2863 632 2924 ll.
655 2862 722 2940 Quo
740 2871 837 2924 autem
857 2861 916 2923 ritu
930 2860 1044 2942 ejectus
1057 2859 1154 2936 inerit,
1181 2879 1268 2940 quem

46 2975 65 3018 a
83 2951 240 3016 consortio
256 2972 311 3014 sno
327 2950 496 3014 removebat
513 2948 648 3027 ecclesia,
665 2970 724 3011 non
742 2947 862 3031 perinde
881 2955 1006 3010 constm.
1033 2946 1112 3010 Nihil
1131 2949 1168 3010 do
1184 2967 1269 3010 cere·

47 3041 162 3106 moniis
180 3050 209 3102 et
225 3037 370 3115 formulis,
382 3038 489 3120 quibus
506 3037 679 3120 antiquioris
695 3035 760 3102 acui
778 3039 913 3100 doctores
929 3034 959 3096 in
970 3035 1271 3098 excommunicatione
1340 3034 1343 3048 ’

46 3129 234 3192 instituenda
257 3128 305 3190 usi
332 3126 478 3205 inissent,
506 3126 537 3188 in
564 3125 762 3189 monumentis
783 3145 883 3188 eorum
911 3121 1054 3202 legimns,
1079 3122 1128 3206 qul
1157 3125 1192 3186 dc
1218 3121 1272 3186 illa

47 3217 212 3301 quicquam
231 3214 325 3278 literis
342 3217 525 3278 mandarunt.
560 3215 661 3295 Quare
677 3212 817 3278 credibile
834 3223 887 3286 est,
907 3231 970 3274 earn
987 3210 1113 3293 simplici
1130 3213 1215 3274 modu
1233 3213 1270 3282 ab

48 3306 197 3389 episcopo
216 3303 264 3368 rel
282 3301 567 3386 presbytero-inisse
586 3311 747 3386 peractam,
769 3301 819 3386 qni
840 3300 958 3364 nornine
976 3301 1064 3363 totius
1081 3299 1271 3363 ecelesiae-ot

49 3415 155 3458 coram
173 3393 290 3475 integro
310 3404 396 3455 coetu
415 3389 613 3472 significaret,
636 3413 718 3472 enm,
742 3391 771 3452 io
789 3411 875 3473 quem
892 3389 1032 3452 latuerat
1049 3387 1271 3470 proscriptionis

50 3481 277 3546 ecclesiasticae
304 3479 465 3558 sententia,
492 3481 696 3543 communione
717 3478 846 3543 tideliora
869 3489 897 3542 et
924 3477 1101 3562 cbristianae
1121 3471 1272 3538 societatis

42 3571 172 3655 ,juribus
191 3571 298 3634 debere
315 3589 381 3632 esse
398 3567 552 3650 privatum.
592 3568 791 3631 Andronicum
809 3568 971 3650 quendam,
991 3563 1163 3646 Pentapolis
1184 3583 1271 3642 prae·

51 3661 175 3737 tectum,
199 3679 263 3722 cum
280 3668 398 3740 propter
414 3656 544 3718 enormia
560 3656 675 3720 scelera
690 3677 746 3720 sna
762 3653 965 3720 commuuione
985 3652 1154 3716 excluderat
1171 3648 1272 3716 Ptole·
1337 3669 1344 3675 ·

52 3747 161 3811 melidis
180 3747 325 3824 aeclesia,
352 3765 455 3808 serere
471 3743 588 3826 quidum
608 3745 771 3827 Synesius,
793 3741 1051 3824 Pentapolitanus',
1074 3739 1182 3802 ibidem
1206 3737 1272 3820 epi·

53 3857 184 3919 scopus,
211 3833 340 3898 inillam
360 3832 581 3906 animadvertit,
608 3845 636 3896 et
660 3854 699 3896 ne
717 3832 853 3914 templum
872 3830 899 3892 ei
925 3827 1105 3910 aperiretur,
1131 3838 1162 3890 ut
1178 3826 1272 3900 crucis

53 3945 142 3988 sacer
159 3935 263 3986 coetus
280 3921 306 3985 ei
324 3921 519 4000 clauderetur,
539 3941 576 3984 ue
589 3923 645 3984 sub
662 3922 763 3985 eodem
780 3927 855 3982 tecto
872 3936 938 3981 curu
953 3917 1019 4000 ipso
1036 3915 1102 3998 quis
1118 3914 1273 3992 babitaret,

54 4032 157 4076 ornnes
177 4011 286 4094 ubique
304 4021 444 4074 terrarum
460 4010 593 4071 bortatos
609 4017 656 4072 est
670 4028 788 4072 sorores
805 4004 969 4083 centenno,
987 4004 1057 4068 aliis
1074 4003 1179 4070 ritibus
1198 4023 1288 4067 usus·

52 4101 153 4164 inisse
169 4121 228 4162 nou
246 4099 363 4180 legitur.
401 4096 561 4160 Posteriori
581 4117 651 4160 raro
674 4102 786 4175 aetate,
812 4113 877 4158 curn
893 4093 989 4158 indies
1005 4103 1151 4158 cresceret
1167 4091 1273 4156 rituum

52 4202 80 4253 et
109 4187 347 4253 ceremoniarum
378 4185 410 4247 in
440 4185 599 4248 christiana
626 4183 755 4248 ecclesia
784 4201 952 4262 uumerus,
977 4182 1159 4261 introductae
1184 4181 1273 4244 simul
1302 4235 1304 4238 .

50 4278 175 4342 luerunt
190 4276 328 4340 solennes
346 4271 656 4360 excommunicationis
671 4271 834 4350 iorrunlac,
862 4291 937 4354 qnae
954 4271 1108 4354 adjunctas
1127 4269 1274 4334 trabebant

51 4367 133 4432 diras
150 4363 392 4447 imprecationes,
416 4359 639 4426 maledictiones
659 4371 687 4424 et
703 4359 907 4426 execrationes
926 4360 1101 4437 toneneas,
1127 4373 1193 4420 cum
1218 4375 1272 4418 ex·

51 4455 145 4521 ternis
163 4451 410 4534 solennitatibus,
430 4471 522 4533 quae,
543 4452 611 4516 dom
630 4469 739 4516 seusus
753 4449 968 4531 ledebnouari
988 4447 1188 4512 incutiendum
1204 4440 1273 4505 ani-
