2944 4890
544 287 580 350 de
599 281 818 351 'funditoribus
986 378 993 390 Ι
1222 281 1286 366 329

71 461 316 535 mortuariorum
344 469 370 520 et
393 447 491 522 sabota
514 484 543 542 p.
562 463 635 524 sut.
662 461 690 546 ς.
707 463 761 538 h).
795 459 933 523 Omnium
959 459 1022 522 iere
1052 458 1286 525 luculentissime
1324 489 1328 504 ν

71 569 158 610 snam
177 543 337 609 declaravit
361 549 533 611 sententiam
560 549 591 612 S.
614 549 758 631 Euplius:
786 545 836 610 ille
861 548 937 610 euim
955 569 1012 608 non
1037 550 1120 610 modo
1140 547 1287 612 liberrime

72 635 231 718 professus
249 645 302 712 est,
322 654 356 697 se
372 635 526 716 evangelia
542 640 578 698 ad
594 637 722 718 judicent
740 639 921 716 deportasse,
940 637 993 697 sed
1011 635 1095 698 etiam
1115 634 1285 699 Caluisiano

26 735 33 748 ‘
70 722 283 803 interroganti:
308 744 393 804 quare
410 727 486 804 apud
505 736 530 786 te
551 727 673 787 habuisti
695 735 794 792 atron
818 727 960 786 tradidisti
977 727 1030 786 has
1048 726 1191 802 lectiones,
1216 746 1286 806 quas

71 819 254 892 irruperatorss
281 811 445 873 armarunt?
471 812 642 893 respondit:
674 819 739 894 quein
760 815 935 874 Gloristianus
960 833 1021 872 sum
1049 822 1074 873 et
1098 814 1207 874 tradere
1230 834 1309 874 aaa

71 903 185 978 licebat3
203 905 345 980 muptsque
361 902 470 980 capedit
486 910 567 978 mori,
586 922 669 981 quum
686 902 804 963 tradere.
835 906 871 961 ln
887 903 931 961 lais
948 905 1004 962 nitu
1020 910 1132 962 ueterem
1148 911 1197 962 est.
1232 905 1302 976 Qui,

72 991 170 1062 trudit,
186 993 270 1056 citam
286 997 427 1049 aebraam
442 991 540 1067 perdit.
566 994 678 1050 Utrum
695 1010 750 1049 noa
767 989 891 1068 perdum,
908 994 994 1049 uitam
1011 1009 1098 1048 aream
1115 990 1159 1049 do.
1196 988 1285 1048 lmmo

71 1084 100 1136 et
118 1077 250 1154 adpensa
268 1076 303 1135 ad
321 1074 386 1155 ejus
404 1073 510 1136 collum
527 1075 701 1154 euangelio,
720 1097 784 1136 eum
802 1095 859 1153 quo
874 1075 1075 1156 apprehensus
1091 1074 1203 1150 luerat,
1221 1083 1286 1156 post

71 1172 229 1243 superatos
248 1161 361 1222 fortiter
386 1162 514 1244 martyrii
535 1164 683 1225 eruciatus
709 1163 870 1243 tripudians
896 1163 979 1242 quasi
1000 1171 1027 1224 et
1047 1163 1199 1225 exsultans
1219 1183 1285 1224 ccr-

70 1250 166 1312 ricem
184 1249 263 1310 ferro
283 1250 426 1330 praebuit.
462 1250 534 1312 Cum
551 1251 642 1331 igitur
658 1262 714 1313 tam
732 1250 829 1312 nobile
848 1250 960 1311 initium
980 1251 1129 1312 dedissent
1146 1261 1286 1333 martyres

69 1338 116 1398 illi
142 1337 315 1398 defendendi
342 1337 459 1398 codices
479 1338 629 1420 librosque
653 1359 772 1414 sacros,
796 1359 861 1398 mox
890 1336 1032 1398 laudabili
1051 1338 1115 1398 zelo
1135 1338 1216 1418 ipsos
1235 1336 1284 1398 alii

71 1435 144 1487 suut
159 1424 272 1498 imitati,
289 1424 336 1505 qui
355 1419 554 1488 cobservaado
567 1447 619 1487 ecs
633 1437 660 1488 et
673 1447 724 1508 pro
736 1425 809 1506 ipsis
823 1427 998 1504 sanguinem
1011 1444 1096 1486 suum
1109 1425 1285 1486 effundendo

69 1513 187 1574 fortiter
203 1513 289 1574 ritum
306 1511 417 1574 finiere.
445 1513 587 1576 Nolumus
604 1534 672 1576 uero
689 1513 736 1574 hic
752 1513 837 1594 plura
853 1515 970 1588 addere,
988 1524 1038 1574 aut
1054 1534 1092 1574 un
1109 1521 1186 1574 rec-te
1202 1513 1285 1574 feee-

70 1601 141 1676 rint,
162 1599 210 1681 qui
231 1599 313 1673 mori,
334 1620 419 1681 quam
437 1604 551 1664 tradere
568 1601 741 1676 maluerunt,
766 1600 864 1661 multis
881 1600 929 1660 hic
947 1601 1131 1679 disquirere,
1148 1622 1213 1662 cum
1231 1603 1285 1663 hoc

68 1689 168 1770 ipsum
187 1688 282 1768 potius
299 1688 504 1749 excutiendum
518 1690 564 1763 sit,
582 1691 698 1770 quando
714 1692 749 1749 de
760 1689 824 1768 ipso
839 1687 1003 1749 traditionis
1019 1687 1138 1750 crimine
1152 1709 1285 1770 agemus.

161 1774 218 1856 30)
240 1775 276 1836 Ut
292 1776 367 1836 enim
384 1774 414 1836 hi
431 1775 488 1856 ipsi
506 1777 671 1845 adfectasse
687 1775 816 1857 martyrii
830 1776 953 1855 gloriam
970 1775 1130 1837 rectissime
1146 1777 1285 1839 censendi

70 1872 152 1941 sunt,
172 1875 199 1924 et
215 1860 261 1924 acl
280 1863 316 1923 ob
334 1863 409 1926 banc
427 1863 567 1926 rationem
586 1885 644 1926 non
661 1863 810 1942 laudandi,
829 1863 870 1926 ita
886 1863 1043 1926 maximum
1061 1864 1129 1926 inde
1145 1865 1287 1936 subnasci

70 1947 141 2012 aliis
173 1971 290 2032 quoque
310 1952 445 2012 damnum
469 1952 563 2032 potnit
585 1963 612 2014 et
637 1953 789 2016 innumera
816 1951 890 2014 mala
916 1951 1053 2014 suboriri.
1087 1952 1152 2028 Quo
1176 1952 1285 2014 fructum
1390 2005 1397 2018 .

71 2039 160 2100 etiam
178 2046 232 2117 est,
250 2050 281 2099 ut
295 2035 616 2117 Mensuriuanrthag.
635 2039 725 2120 episc.
742 2039 772 2100 in
789 2059 844 2102 suu
860 2042 896 2102 ad
908 2039 1076 2102 Secundum
1094 2040 1184 2122 episc.
1195 2039 1286 2114 Tiei-

5 2183 8 2186 ,
70 2126 199 2188 sitanum
217 2125 340 2206 epistola
358 2147 419 2204 eos,
440 2127 540 2208 quise
560 2127 684 2190 ollerent
702 2127 968 2209 persecutionibus,
994 2149 1051 2188 noa
1071 2128 1286 2209 comprehensi,

71 2224 101 2276 et
118 2214 193 2274 ultro
210 2213 349 2290 dicerent,
369 2235 401 2276 se
416 2212 526 2277 hahere
543 2215 714 2296 scripturas,
733 2236 806 2296 quas
824 2233 881 2276 non
899 2219 1054 2289 traderent,
1071 2236 1088 2276 a
1106 2217 1213 2296 quibus
1230 2217 1287 2278 hnc

70 2323 158 2362 nemo
182 2300 365 2383 quaesierat,
395 2302 550 2382 displicere
574 2304 631 2366 sibi
656 2302 838 2378 adfirmaret,
872 2312 900 2364 et
918 2305 954 2363 ab
981 2303 1023 2364 eis
1049 2303 1228 2362 honorandis
1253 2324 1286 2365 sc

71 2388 258 2452 Christianos
275 2389 460 2470 prohibuisse
476 2393 535 2472 (ad.
552 2392 750 2471 angustinum
766 2389 795 2450 in
810 2396 915 2452 Brevia.
933 2411 955 2452 o.
973 2391 1044 2467 l3.).
1076 2388 1177 2449 Noluit
1194 2389 1286 2468 igitur

70 2476 248 2539 Mensurius
265 2477 436 2540 temerarios
455 2479 596 2560 ejusmodi
615 2478 747 2538 homines
765 2497 818 2538 uec
835 2476 891 2538 uisi
911 2495 983 2537 snae
1002 2475 1146 2554 gloriolae
1164 2475 1285 2556 cupidos

71 2563 137 2645 pari
158 2585 222 2626 cum
243 2566 418 2644 martyribus
436 2564 501 2627 loco
521 2564 622 2627 baberi
640 2565 761 2645 parique
779 2564 890 2626 bonore
910 2563 1005 2638 allici,
1026 2564 1074 2645 qni
1095 2563 1179 2624 ritum
1197 2567 1285 2626 dese-

71 2673 155 2726 rere,
174 2652 226 2713 nbi
247 2652 364 2716 minime
384 2673 458 2735 opus
476 2664 537 2716 erat
557 2663 585 2715 et
601 2651 667 2715 fidei
687 2651 770 2713 nulla
790 2653 968 2732 poscebatur
987 2652 1137 2714 confessio
1155 2653 1285 2734 publica,
1374 2639 1390 2670 '¹

72 2739 148 2801 nulli
165 2739 346 2804 dubitabant.
