2944 4898
214 213 258 283 aa
530 229 533 242 ·
612 207 735 276 xxmu
776 208 805 272 r.
818 206 856 272 c.
870 207 1021 304 aenum
1110 235 1122 284 -‚

212 385 298 468 pinso
316 379 490 464 baptizantis
506 389 604 462 partes
622 384 747 464 agebat,
771 387 930 447 nemineum
953 383 1085 464 baptismi
1109 377 1219 446 necari.
1231 398 1322 462 pesse
1335 397 1438 460 snpra

213 469 442 537 observavimus.
477 467 585 532 Primis
602 471 717 551 quidem
737 469 882 532 ecclesiae
900 469 1048 537 nascentis
1065 467 1254 550 temporibus,
1273 467 1436 548 apostolo-

132 575 136 590 ·
212 581 277 624 rom
293 557 427 620 nimirum
444 566 549 635 aetate,
574 557 766 620 ecclesiarum
784 558 939 636 antistites,
965 557 1015 639 qoi
1031 555 1118 620 simul
1137 559 1286 618 doctorum
1306 576 1436 618 munere

211 648 413 728 iungebantur
437 655 466 706 ct
488 646 691 726 mysteriorum
718 645 880 708 divinorum
907 643 1058 708 oeconomi
1083 654 1165 706 erant
1196 647 1228 723 (l
1247 645 1315 706 Cor.
1330 642 1367 722 ,4,
1392 647 1436 722 1),

213 745 428 800 sacramentum
445 733 583 813 baptismi
602 733 792 814 dispensasse
809 734 916 816 iisqne,
933 733 983 814 qui
996 754 1029 796 ec
1046 731 1218 813 accipiendo
1236 731 1318 812 digni
1338 741 1435 809 erant,

214 823 396 898 exhibuisse,
420 820 451 882 in
467 820 568 901 aprico
588 821 713 900 positum
731 831 783 884 cst.
822 823 859 884 rit
875 843 964 902 quum
980 819 1081 902 paullo
1096 831 1164 900 post
1179 819 1256 882 inter
1272 819 1435 900 episcopos

212 934 248 976 ae
265 913 451 992 presbyteros
468 907 651 970 suboriretur
667 909 833 986 discrimen,
859 909 1035 991 baptismum
1051 908 1169 992 propria
1184 907 1357 970 anctoritate
1374 907 1436 968 im-

212 998 355 1082 pertiendi
370 999 421 1078 jus
437 993 494 1058 soli
514 995 673 1077 episcopali
700 995 797 1058 cilicio
812 1004 994 1060 reservatum
1013 1007 1072 1074 est,
1098 996 1221 1058 caeteris
1238 995 1434 1058 inferioribus

213 1087 354 1167 dignitate
371 1083 573 1148 sacerdotibus
590 1083 808 1166 permissionis,
833 1088 870 1147 ab
890 1085 1028 1165 episeopo
1044 1086 1209 1164 rogandes,
1227 1082 1359 1170 petitioni
1376 1086 1435 1144 ad-

213 1174 335 1238 strictis.
376 1172 476 1253 Hujus
494 1172 537 1234 rei
562 1171 689 1252 vestigia
704 1173 761 1234 iam
786 1172 818 1232 in
832 1173 947 1252 lgnatio
964 1171 1225 1254 deprehendimus,
1250 1171 1301 1252 qui
1318 1171 1437 1258 baptis-

159 1265 164 1280 ‘
213 1283 291 1326 mum
309 1280 368 1322 non
388 1260 452 1322 sine
476 1260 613 1340 episcopo
637 1269 689 1322 aut
711 1259 814 1322 saltem
840 1263 952 1342 absque
977 1261 1042 1342 ejus
1067 1259 1185 1338 notitia,
1210 1258 1437 1340 adprobatione,

214 1347 407 1412 concessione
430 1358 458 1410 et
482 1347 692 1428 permissione,
728 1347 991 1412 administrandum
1015 1368 1099 1426 esse,
1134 1347 1263 1428 graviter
1287 1347 1438 1428 urget⁸).

212 1437 319 1503 Latius
337 1456 406 1500 rere
423 1455 483 1496 rem
502 1434 621 1516 exponit
637 1435 858 1514 Tertullianus,
883 1435 934 1518 qui
947 1437 998 1518 jus
1016 1437 1190 1518 baptismam
1207 1433 1374 1504 confercndi
1393 1437 1437 1496 ad
1469 1481 1470 1530 ,

213 1523 311 1589 solum
329 1525 446 1606 quidem
464 1543 609 1586 summum
626 1526 807 1586 sacerdotem
826 1544 881 1586 sen
897 1524 1069 1604 episcopum
1084 1523 1189 1602 refert,
1215 1523 1257 1586 itu
1272 1532 1380 1600 temen,
1400 1533 1437 1584 ut
1469 1535 1470 1614 p

213 1617 400 1696 presbyteros
416 1622 444 1674 et
461 1611 619 1690 diaconos,
645 1633 734 1693 quum
759 1621 846 1675 antea
863 1611 1023 1693 episcopali
1049 1612 1222 1681 anctoritate
1240 1621 1267 1674 et
1284 1631 1437 1676 consensu
1469 1617 1470 1630 ¹

213 1703 268 1764 rite
287 1699 395 1762 luerint
412 1699 601 1779 praemuniti,
626 1702 663 1761 ab
681 1699 769 1762 officii
789 1699 940 1764 iunctione
957 1721 1016 1763 nun
1036 1699 1190 1778 excludat,
1210 1699 1320 1776 imoad
1337 1697 1435 1762 laicos

213 1809 310 1872 usqne
324 1789 375 1870 jus
392 1787 459 1866 hoc,
484 1787 585 1850 ordine
602 1786 717 1850 scilicet
734 1789 914 1869 praescripto
931 1797 1057 1866 servato,
1083 1786 1352 1866 extenditretiouc
1369 1797 1436 1850 sta-

214 1880 265 1942 tim
282 1867 417 1957 annexaq
441 1875 582 1955 aquibus
600 1886 697 1938 autem
712 1875 843 1956 requirit,
867 1887 899 1938 ut
914 1875 1002 1938 officii
1020 1875 1118 1957 hujus,
1138 1875 1344 1966 episcoporum
1361 1898 1435 1956 pro-

213 1966 281 2047 prii,
304 1964 484 2042 functionem
506 1972 622 2042 praeter
638 1961 822 2044 necessitatis
839 1983 940 2026 casum
954 1985 1014 2028 non
1030 1973 1137 2026 temere
1153 1963 1211 2026 sibi
1227 1965 1435 2044 arrogent**).

213 2053 299 2114 Licet
316 2071 384 2114 nero
401 2049 449 2110 hie
467 2049 611 2112 ccclesiae
629 2053 730 2112 doctor
748 2049 835 2112 citato
854 2051 885 2112 in
908 2051 974 2114 loco
993 2052 1184 2132 baptismum,
1208 2064 1333 2132 urgente
1350 2063 1435 2132 puta,

215 2160 291 2222 quae
316 2158 431 2218 semper
454 2141 722 2218 praesupponenda
748 2148 808 2216 est,
832 2141 1007 2205 necessitate
1029 2141 1067 2202 ab
1094 2139 1227 2204 omuibus
1251 2137 1436 2204 Christianis

215 2225 414 2290 administrari
431 2243 519 2306 posse
536 2227 658 2288 doceat:
674 2225 749 2288 idem
768 2227 942 2290 tamenaiibi
954 2225 1165 2312 ***)perbibct,
1183 2225 1321 2292 mulieres
1338 2230 1435 2290 absc-

213 2312 360 2378 lutissime
377 2324 507 2377 exemtas
531 2333 601 2376 csse
615 2334 724 2395 easque
741 2313 828 2396 plane
843 2314 955 2378 nullius
972 2316 1003 2377 iu
1019 2315 1147 2379 ecclesia
1158 2316 1285 2380 obeundi
1301 2317 1437 2380 muneris

183 2431 190 2444 ⁴
215 2424 342 2488 capaces
359 2412 484 2486 reputat.
521 2401 631 2466 Procul
647 2423 729 2484 ergo,
746 2402 834 2466 sicuti
851 2405 889 2468 ab
907 2404 1035 2468 omnium
1051 2415 1231 2470 caeterorum
1249 2404 1437 2468 ecelesiasti—

211 2569 440 2582 *tan——

214 2658 395 2714 sanctissimae
411 2653 548 2723 ‘refigionis
567 2659 696 2728 capitibus
721 2661 771 2712 rite
790 2661 951 2713 imbueretur
975 2669 1002 2714 ct
1027 2664 1154 2716 coelestes
1174 2661 1360 2716 christianismi
1385 2661 1435 2714 do-

215 2729 314 2781 ctrinas
326 2729 404 2796 probe
418 2727 572 2780 edoceretur
589 2731 708 2796 piamque
722 2731 781 2781 clim
800 2737 827 2782 et
844 2730 977 2798 baptizato
987 2733 1128 2785 christiano
1142 2735 1244 2798 dignam
1257 2733 1337 2783 vitam
1352 2747 1433 2795 agere

214 2800 345 2864 disceret3
365 2797 455 2848 lccdus
474 2798 627 2864 baptismale
646 2815 703 2850 coru
724 2801 824 2850 domino
843 2801 923 2852 ictum
938 2801 1089 2854 inviolatum
1104 2809 1131 2854 et
1145 2803 1274 2866 integrum
1287 2802 1435 2852 custodiret

214 2885 262 2920 nec
282 2883 394 2934 unquam
415 2867 441 2917 in
460 2869 560 2919 scelera
582 2875 609 2919 et
627 2876 735 2935 peccata
753 2870 893 2920 relabendo
908 2871 1026 2936 turpiter
1043 2872 1107 2922 illud
1125 2879 1152 2923 et
1173 2872 1269 2940 perlida
1288 2877 1432 2937 rumperet.

214 2937 352 2989 Caeterum
371 2935 463 2987 munus
481 2953 527 3004 pro
546 2937 708 3004 baptizandis
727 2939 868 3006 spondendi
887 2940 913 2989 in
933 2939 1025 2991 officiis
1044 2941 1211 2993 diaconorum
1228 2949 1255 2993 et
1272 2939 1434 2990 diaconissa-

213 3023 269 3059 rum
289 3013 408 3057 numerat
425 3009 525 3060 eoaeer't.
544 3015 627 3072 apost.
645 3015 737 3058 auctor
754 3009 779 3071 3,
802 3009 843 3060 lb.
864 3023 906 3074 ap.
926 3007 1138 3062 Cotelerium
1156 3021 1214 3067 soar.
1234 3011 1259 3064 l.
1274 3017 1349 3073 porr.
1368 3025 1434 3073 apo-

212 3078 326 3158 medicor.
346 3093 370 3193 pl.
388 3075 456 3192 eet,
489 3075 694 3142 Descripticuem
713 3077 822 3130 nominis
841 3092 993 3145 sponsorum
1013 3086 1089 3146 atque
1109 3080 1235 3147 baptizati
1253 3077 1335 3131 retem
1352 3077 1435 3128 ttio-

214 3160 335 3212 nysrus
365 3162 402 3198 oo.
421 3162 464 3197 er.

258 3226 309 3310 tl)
330 3229 429 3310 ephud
445 3232 543 3296 Smyrna,
563 3229 651 3312 83ed.
669 3229 786 3314 Jttigii
813 3247 839 3298 p.
859 3231 893 3286 8:
924 3228 974 3284 οὐκ
1000 3228 1063 3292 ἐξὸν
1085 3233 1161 3286 ἐστὶν
1182 3233 1269 3306 χωρὶς
1294 3232 1345 3284 τοῦ
1372 3230 1434 3284 ἔπι-

215 3313 325 3350 σκοπου
343 3311 405 3346 oves
422 3300 562 3360 βαπτίζειν
582 3315 644 3350 oute
662 3313 776 3365 ayanqv
794 3303 889 3352 ποιεῖν
905 3302 963 3356 κτλ.

284 3380 330 3446 **)
349 3381 483 3432 audiamus
503 3383 559 3449 ipso
579 3383 635 3448 ejus
656 3385 705 3435 bac
728 3383 759 3435 dc
780 3401 808 3436 re
830 3388 909 3439 verba
933 3389 965 3438 de
985 3391 1103 3456 baptism.
1124 3389 1166 3442 17.
1188 3407 1214 3458 p.
1233 3387 1312 3442 tate
1339 3389 1436 3438 Doridi

215 3450 317 3569 periclem
335 3451 498 3514 baptismatis
514 3453 592 3502 habet
602 3454 653 3520 jas
670 3470 781 3504 summus
798 3458 927 3519 sacerdos,
946 3459 993 3526 qni
1008 3469 1046 3508 est
1063 3461 1205 3526 episcopus.
1240 3457 1340 3507 Dehinc
1357 3475 1434 3522 pres-

230 3520 299 3587 yters'
316 3527 340 3566 et
358 3520 478 3584 dioceni5
496 3530 649 3570 nontamen
666 3523 722 3572 sine
738 3524 852 3590 episcopi
868 3528 1024 3576 audacitate
1037 3539 1147 3596 propter
1164 3527 1285 3578 ecclesiae
1301 3525 1434 3582 honorem.

216 3590 270 3654 Quo
287 3588 368 3652 salvo,
386 3591 461 3638 sclua
477 3607 534 3655 pax
556 3599 601 3643 est.
636 3591 764 3660 Alioquin
784 3596 861 3644 etiam
881 3595 957 3644 ins‘cis
968 3597 1019 3663 jus
1037 3606 1083 3652 est.
1120 3599 1195 3663 Quod
1211 3597 1276 3646 enim
1295 3611 1327 3643 ex
1346 3613 1433 3662 neqseo

215 3659 357 3723 accipitur,
383 3676 415 3707 ex
440 3677 521 3728 nequo
541 3660 603 3708 dari
618 3669 716 3722 potest,
740 3663 793 3720 rn‘oi
811 3664 925 3730 episcopi
937 3664 997 3732 jam
1020 3675 1067 3714 nst
1088 3665 1236 3734 presbyteri
1259 3672 1306 3714 aret
1326 3663 1435 3712 diaconi

213 3736 347 3788 uocantur,
369 3727 501 3778 dr'centes:
521 3729 626 3778 Domini
643 3747 723 3780 sermo
743 3747 793 3780 non
812 3731 885 3781 dedet
903 3733 1155 3790 abscondentem.
1191 3735 1303 3784 Pruinde
1322 3739 1347 3781 et
1366 3733 1433 3796 hap·

213 3797 304 3846 tismrss
323 3813 404 3864 aeque
422 3799 474 3846 Dei
495 3815 585 3847 census
609 3799 642 3845 nd
666 3791 783 3848 steresibus
798 3802 913 3850 exerceri
932 3811 1039 3866 potestp
1062 3805 1111 3854 ced
1132 3801 1333 3872 quantomagis
1353 3802 1432 3850 inicis

214 3866 354 3930 disciplina
372 3867 541 3916 uerecundiae
559 3875 583 3914 et
601 3867 740 3916 modestiae
758 3870 895 3933 incumbit,
923 3888 1000 3938 qaum
1018 3889 1050 3920 ea
1070 3873 1213 3942 majoribus
1231 3878 1371 3936 reciperer,
1398 3887 1434 3918 sse

212 3935 265 3983 silai
282 3933 421 3986 adsumunt
438 3935 552 3983 clientum
570 3936 684 4000 episcopi
699 3935 811 4000 officium
829 3939 1001 4004 episcopatus.

280 4016 337 4084 W)
359 4019 501 4083 «lentagio.
520 4021 623 4075 veland.
633 4021 659 4074 9.
677 4038 703 4088 p.
714 4023 781 4074 370:
801 4039 852 4072 nnn
869 4027 1029 4089 permittitur
1046 4027 1151 4078 mulieri
1165 4027 1194 4078 iss
1213 4027 1321 4083 aedesio
1339 4025 1432 4093 loqui,

212 4086 260 4136 sed
275 4102 322 4134 nec
341 4087 431 4136 docere
448 4105 494 4136 erce
510 4090 614 4151 tingere
631 4107 677 4138 nee
695 4090 790 4153 offerre
807 4108 854 4141 nec
876 4095 957 4144 acilius
974 4095 1203 4159 oretanensis,
1228 4096 1322 4146 sedum
1342 4111 1434 4146 ssen-

213 4156 309 4204 slotnlie
327 4153 408 4219 officii
426 4164 518 4206 sortem
542 4157 595 4206 er'hi
611 4159 766 4222 vendicare,
796 4161 861 4212 adde
880 4163 912 4212 tle
929 4165 1087 4228 praesenter.
1112 4165 1214 4220 adsere.
1240 4165 1365 4218 hamatis.
1383 4163 1431 4216 41.

211 4223 318 4305 1³:49⁰·
340 4239 389 4305 qup
408 4225 464 4276 loco
488 4224 637 4306 iptimpiaru
658 4229 844 4293 procacitatem
869 4230 1059 4285 haereticarum
1079 4234 1231 4298 mulierum,
1257 4247 1324 4299 quse
1344 4233 1434 4285 ecclc·

212 4299 320 4344 crustica
339 4307 452 4359 ipsusque
470 4309 573 4347 mrnrrus
594 4298 767 4362 competentis
785 4299 909 4364 docendi,
931 4302 1119 4366 contendendi,
1147 4303 1305 4356 exorcismos
1324 4302 1433 4368 agendi,

179 4377 187 4394 ι
212 4361 361 4484 ourapipnes
387 4363 599 4431 repromittenti,
635 4365 745 4420 forsitan
776 4375 803 4420 et
830 4368 947 4433 amoenet
971 4387 1080 4428 munera
1105 4380 1247 4442 usurpent,
1276 4372 1434 4437 moussiae

213 4447 273 4488 rnre
293 4447 356 4486 rur.
