2944 4890
94 279 97 290 ι
222 241 288 334 aas
371 305 375 318 „
462 223 464 234 '
573 237 576 246 ⁴
647 241 757 328 xurrr.
791 229 1043 326 mancones?

224 411 329 476 uorum
355 418 458 494 uhogo
488 412 761 481 numennumen
790 415 937 499 placatum
954 409 1003 476 'iri
1019 409 1202 479 credebant.
1244 413 1354 493 Quare
1386 433 1452 474 eum

220 499 389 580 sacrificia,
414 521 491 582 quae
508 503 658 585 proposito
683 505 778 567 edicto
795 503 921 587 populos
938 502 1090 566 celebrare
1105 503 1283 586 jubebatur,
1311 521 1371 582 pro
1392 501 1451 561 rei-

224 587 364 674 publicae
387 593 484 654 salute
507 592 606 654 iacere
622 591 781 656 Christiani
800 591 937 674 religioni
956 590 1014 654 sibi
1031 593 1189 671 ducerent,
1213 587 1379 672 gentilium
1402 589 1452 649 ad·

223 697 331 745 uersus
351 695 419 756 eos,
436 695 492 741 cen
516 678 618 743 atheos
636 679 742 762 impios
761 691 788 742 et
804 679 945 762 profanos
963 679 1107 758 homiues,
1126 677 1210 741 furor
1224 695 1383 742 aecensus
1403 687 1452 738 est

224 769 310 834 ilaue
334 766 587 848 persecutionem,
614 767 668 831 illa
691 766 826 831 Deciana
850 768 939 832 multo
962 766 1149 830 acerbiorem·
1167 766 1248 844 iore,
1275 765 1466 848 Cyprianus*

226 854 373 940 praedixit
398 853 430 926 in
445 873 506 935 ep.
532 857 569 918 ad
596 859 751 920 Cornellm
777 857 862 938 (57)=
896 862 981 918 Dinn-
1000 859 1159 920 certaminis
1186 859 1441 936 appropinquasse
1447 875 1456 928 3

226 949 330 1009 mean
348 942 496 1004 manaen
510 949 566 1032 cito
584 953 681 1006 contro
698 965 750 1006 noe
767 963 923 1024 enrurpere,
941 965 1064 1026 mvnera
1081 963 1136 1006 noa
1155 945 1248 1020 ulem,
1266 944 1368 1024 punltc
1389 943 1456 1018 fult,

229 1036 278 1096 aed
294 1034 451 1112 prociarum
468 1033 598 1094 melleet
620 1038 754 1095 nectorem
773 1038 874 1096 centro.
918 1031 1021 1114 ltaque
1046 1029 1121 1113 lapsi
1146 1028 1332 1113 poenitentes
1357 1039 1395 1090 ut
1421 1028 1455 1089 ad

230 1115 409 1182 imminentis
432 1115 537 1198 proelii
562 1126 710 1182 certamen
735 1126 926 1202 praeparatos
948 1119 1091 1182 haberent
1107 1119 1239 1197 animos,
1263 1136 1401 1200 poenam
1421 1115 1454 1176 iis

231 1212 378 1272 decretam
399 1205 462 1288 jaun
485 1203 631 1286 mitigari,
665 1227 790 1290 aequum
816 1219 845 1270 et
874 1228 911 1270 ox
936 1207 1081 1270 ecclesiae
1105 1225 1162 1270 usu
1185 1205 1249 1268 iore
1277 1204 1455 1288 Cyprianus

230 1290 417 1373 existimarit,
435 1313 472 1357 ne
487 1293 682 1374 poenitentiae
699 1295 890 1358 diuturnioris
901 1295 1001 1377 rigore
1014 1298 1051 1359 ad
1065 1295 1300 1378 desperationem
1318 1291 1467 1364 adducat,

232 1383 396 1458 eriminum,
410 1393 462 1444 aut
477 1384 635 1446 eorundem
653 1393 703 1446 aut
718 1383 805 1446 etiarn
816 1383 997 1466 graviorum,
1013 1385 1050 1446 ad
1062 1382 1212 1447 evitandos
1224 1379 1317 1444 futuri
1332 1379 1455 1462 suppli·

231 1475 270 1538 eii
293 1469 445 1535 cruciatus
465 1468 579 1552 culpam
605 1469 662 1533 sibi
681 1472 885 1546 contraherent
903 1491 1067 1554 novamque
1086 1473 1160 1534 adeo
1180 1470 1315 1533 lacerent
1339 1467 1455 1533 nomini

232 1560 393 1626 christiano
408 1557 557 1640 injuriam.
574 1593 615 1606 -
632 1557 661 1641 ᾗ.
676 1561 726 1622 ll.
742 1561 827 1622 huno
842 1559 1007 1641 igitur2d2
1020 1559 1187 1641 Cyprianus
1203 1578 1269 1620 cunr
1286 1555 1455 1638 episcopis,

232 1651 283 1733 qni
300 1656 369 1732 post
391 1646 596 1710 solennitatem
615 1648 773 1726 paschatos
790 1646 997 1730 Carthaginem
1015 1657 1164 1725 reuerent,
1190 1643 1352 1709 concilium
1373 1642 1456 1706 eele-

233 1740 328 1802 hrarit
343 1731 580 1816 Carthagiueuse
597 1734 636 1796 ll.
656 1755 755 1798 mense
773 1735 871 1814 Maio,
895 1745 927 1798 nt
942 1734 1117 1816 intelligitur
1138 1756 1175 1798 ex
1193 1735 1258 1818 ejus
1276 1734 1317 1796 ad
1336 1731 1456 1796 Corne-

233 1827 305 1890 liunr
330 1821 433 1903 epist,
461 1843 519 1903 qua
545 1832 573 1886 et
595 1820 686 1906 hujus
706 1822 878 1886 mentionem
905 1822 1022 1906 injecit,
1050 1834 1079 1886 et
1104 1815 1244 1900 alterius,
1272 1821 1353 1903 quod
1378 1840 1456 1883 anno

136 1916 139 1922 ’
229 1909 379 1998 superiori
405 1911 534 1974 habiturn
556 1909 666 1973 luerat.
710 1911 744 1972 ln
773 1911 828 1973 hoc
852 1911 977 1973 coneilio
1008 1911 1086 1974 iacta
1115 1908 1334 1994 poenitentibus
1357 1905 1468 1989 lapsis,

232 1996 419 2078 indulgentia
443 2007 488 2076 et,
518 2000 596 2078 quod
619 1999 763 2080 reliquum
786 1998 842 2060 luit
866 2019 978 2080 poenae
997 1999 1176 2078 canonicae,
1203 1996 1278 2059 illud
1303 2016 1398 2058 omne
1422 1995 1457 2056 iis

234 2091 449 2162 condonatam,
475 2105 514 2146 ex
533 2087 668 2165 decreto,
694 2088 771 2166 quod
792 2086 957 2168 Cyprianus
980 2107 1047 2149 cunr
1071 2085 1277 2170 praesentibus
1303 2082 1457 2147 condidit:

234 2185 295 2256 Eoo,
312 2177 359 2258 ptri
374 2172 408 2237 de
421 2175 534 2244 ecclesio
546 2178 660 2236 Domini
676 2193 731 2236 non
747 2186 924 2249 recesserunt,
940 2177 989 2238 scd
1002 2181 1199 2256 poenitentiam
1214 2194 1293 2253 opere
1305 2181 1334 2234 et
1343 2175 1456 2234 lumen·

234 2271 292 2330 tori
309 2283 343 2326 oc
361 2265 511 2326 Dominum
530 2262 672 2342 deprecari
690 2283 709 2323 o
726 2268 817 2342 primo
833 2265 931 2344 lupono
947 2269 992 2326 sul
1009 2265 1053 2325 dle
1070 2283 1126 2327 non
1148 2265 1330 2333 destiterunt,
1360 2279 1457 2341 pnecn

234 2355 358 2418 &ndum
374 2367 443 2414 reor.
488 2347 582 2412 Facta
606 2348 663 2411 luit
685 2348 777 2431 lapsis
803 2350 1087 2432 haecpoenitentiae
1104 2348 1324 2414 relaxationem
1345 2357 1456 2409 tantun

235 2437 534 2514 mreoaelae‘causa,
563 2457 662 2500 rerum
688 2436 863 2501 necessitate
890 2451 1030 2521 urgente,
1063 2445 1130 2521 pulc
1152 2440 1253 2502 crebris
1276 2445 1303 2498 et
1331 2437 1469 2498 ossldulc

236 2529 438 2608 ortenolonlbco
454 2527 684 2600 admonebantur,
703 2528 774 2588 dlenn
792 2529 908 2590 ulterior
925 2529 1114 2603 insectationis
1131 2531 1372 2608 appropinquare,
1397 2541 1469 2584 coc-¹

125 2678 127 2681 .
218 2657 221 2660 -
238 2617 318 2698 pisso
328 2621 355 2673 et
370 2620 536 2692 poenitentes
552 2615 590 2672 od
603 2616 747 2694 proellum,
764 2617 836 2694 qaod
852 2616 1019 2694 imminebat,
1038 2619 1146 2678 armori
1161 2625 1187 2676 et
1201 2617 1304 2676 inalrari
1321 2621 1458 2692 oportere.

238 2701 337 2771 Vorha
354 2711 423 2762 sunt
439 2698 589 2781 Cypriaci,
610 2699 658 2782 qui
678 2701 731 2762 has
750 2701 873 2783 mitigati
889 2701 997 2784 rigoris
1014 2721 1121 2765 causas
1141 2698 1278 2784 exposuit
1295 2697 1458 2779 multisque

239 2787 372 2855 delendit
390 2809 437 2870 ep.
452 2791 493 2850 bl
513 2807 588 2868 quae
609 2797 654 2851 est
672 2788 831 2870 synodica,
855 2791 943 2853 totius
967 2788 1084 2852 concilii
1105 2789 1221 2852 nomine
1239 2789 1310 2850 data
1330 2789 1369 2848 ad
1392 2792 1458 2848 Gor-

239 2883 365 2950 nollem,
381 2879 548 2941 Romanum
566 2876 746 2958 episcopum.
792 2879 834 2940 lta
856 2877 1054 2941 reconciliatis
1076 2875 1220 2941 ecclesiae
1235 2873 1336 2956 lapsis
1354 2873 1458 2956 poeui-

240 2966 385 3045 teutibus,
410 2985 475 3027 cum
489 2963 551 3046 jam
575 2963 672 3027 omnia
696 2965 841 3027 communi
859 2966 982 3029 coasilio
1003 2965 1163 3048 composita
1185 2973 1285 3027 esseut
1302 2971 1334 3026 et
1350 2961 1457 3025 contir-

240 3065 328 3133 meto,
347 3052 512 3136 Cyprianus
536 3053 679 3134 synodum
697 3050 846 3133 dissolvit,
871 3073 929 3136 qua
947 3054 1028 3116 linita
1050 3055 1165 3117 tandem
1184 3051 1297 3132 erupit,
1324 3071 1406 3133 quae
1425 3057 1459 3110 tot

84 3123 91 3130 ¹
176 3141 182 3154 ⁸
241 3140 364 3208 ostentis
389 3140 539 3223 praedicta
556 3139 670 3219 iuerat,
695 3140 871 3220 persecutio.
895 3176 937 3190 ·-
961 3141 989 3225 ᾗ.
1008 3143 1059 3205 12.
1091 3141 1158 3220 Qua
1177 3138 1329 3222 aequitate
1354 3137 1388 3199 in
1407 3147 1458 3198 tau

240 3227 329 3315 grati
340 3228 485 3292 ccclesiae
501 3228 621 3309 negotio
639 3227 806 3310 Cyprianus
823 3229 977 3311 hucusque
993 3239 1127 3292 versatus
1143 3227 1242 3305 luerit,
1261 3247 1300 3290 ex
1317 3226 1370 3304 iis,
1389 3245 1458 3308 qnae

240 3319 313 3398 dixi,
335 3317 423 3380 facile
440 3317 624 3398 intelligitur.
669 3317 740 3378 lude
756 3337 824 3380 uero
841 3315 927 3381 simul
948 3325 1078 3400 apparet,
1104 3325 1243 3399 quantam
1261 3311 1459 3396 poenitentiae

241 3405 380 3488 temporis
407 3402 563 3486 expiandis
586 3402 807 3466 idololatrarum
834 3395 1006 3469 criminibus
1037 3403 1119 3468 illius
1145 3410 1240 3468 aetate
1263 3403 1295 3464 iu
1321 3401 1459 3465 Africana

242 3495 315 3561 eccl.
334 3491 507 3558 suffeceritl
553 3491 655 3570 Erant,
678 3492 727 3573 qni
746 3491 912 3558 imminente
931 3503 982 3556 cut
1002 3501 1105 3575 coepta
1122 3494 1178 3555 suh
1200 3489 1294 3554 Decio
1317 3507 1459 3572 perseca-

242 3585 321 3650 tiono
345 3603 363 3646 a
381 3581 438 3643 tide
455 3579 642 3660 defecerant,
664 3589 756 3658 erant,
782 3601 856 3662 quos
875 3580 1028 3664 suppliciis
1046 3591 1073 3644 et
1089 3579 1240 3642 tormentis
1256 3577 1351 3660 paulo
1368 3575 1459 3642 serius

242 3670 369 3736 nominis
386 3667 537 3731 christiani
554 3670 655 3732 hostes
672 3667 785 3730 alienos
801 3671 838 3730 ab
856 3669 983 3732 ecclesia
999 3669 1139 3732 fecerant.
1168 3667 1231 3731 Jaru
1248 3665 1276 3728 si
1293 3687 1386 3728 omne
1403 3673 1459 3746 post

151 3803 157 3809 ,
244 3765 354 3824 crimen
377 3757 538 3820 admissum
565 3768 681 3838 ternpus
707 3776 775 3818 mox
799 3775 818 3819 a
841 3757 1055 3838 persecutionis
1078 3753 1160 3818 illius
1183 3753 1276 3818 initiis
1302 3775 1403 3835 usque
1427 3751 1457 3812 nd

244 3865 327 3911 conc.
338 3843 575 3926 cerrbnginense
593 3845 641 3922 ll.,
660 3865 718 3925 quo
734 3844 812 3906 facta
830 3855 873 3907 cst
886 3844 1102 3927 poenitentibus
1118 3842 1214 3921 reuia,
1234 3838 1460 3924 computaveris,

244 3937 373 3996 nondum
395 3932 471 3996 illud
498 3931 655 4014 complebit
677 3931 843 3994 triennium,
888 3930 1136 3995 Haecsententia
1154 3929 1286 4014 apprime
1304 3927 1460 4010 respondet

246 4021 428 4104 quaestioni,
451 4041 537 4101 quam
556 4021 737 4082 Fortunatus
758 4018 868 4101 aliique
888 4020 1037 4102 episcopi,
1059 4018 1109 4102 qui
1129 4018 1158 4080 in
1177 4017 1329 4099 Capsensi
1349 4015 1458 4080 civitate

246 4115 283 4170 ob
300 4105 511 4170 ordinationem
526 4107 657 4190 episcopi
675 4116 880 4186 convenerant,
898 4108 976 4192 hrcri
994 4116 1061 4170 ante
1078 4127 1162 4169 coac.
1174 4105 1418 4185 carthaginense
1428 4100 1457 4162 ll.

168 4267 170 4275 ¹
247 4207 376 4277 tempore
396 4193 543 4275 Cypriano
569 4205 797 4276 proposuerant:
822 4199 869 4257 An
893 4199 989 4277 lapsos
1007 4201 1155 4259 triennalem
1180 4194 1327 4275 (nondum
1349 4193 1456 4275 quiden

247 4293 393 4356 exactum,
417 4283 470 4341 sed
486 4283 667 4363 inchoatum)
683 4291 848 4365 poenitenter
863 4285 914 4360 foa
929 4294 999 4347 ercet
1014 4285 1052 4345 ud
1066 4278 1285 4345 commonionem
1299 4274 1456 4344 admittere?

247 4373 335 4438 Certe
353 4375 413 4428 tum
431 4385 470 4427 ex
483 4368 619 4448 temporis
635 4371 852 4452 designatione,
868 4377 928 4434 turn
943 4391 981 4434 cx
996 4369 1179 4454 quaestionis
1192 4375 1300 4432 natura
1313 4369 1455 4450 probatur,

246 4469 314 4544 post
331 4452 402 4520 anni
417 4453 580 4537 superioris
595 4457 760 4538 concilium,
782 4460 861 4540 quod
876 4461 986 4541 longae
1002 4468 1030 4523 et
1046 4455 1152 4540 plenae
1169 4455 1373 4541 poeniteutiae
1389 4451 1457 4536 lepi-
