2944 4898
190 213 234 314 ro
526 211 685 300 ¹rnrrrar.
722 178 768 283 ‘a
783 209 844 275 nn.
861 208 1043 276 urrunnun
1089 235 1094 242 -
1190 203 1193 210 ·

193 405 258 449 rurn
274 383 395 450 recitate
410 404 586 469 persuasum
604 385 663 450 sibi
680 383 882 463 habebantia
897 383 1065 448 memoriam
1081 383 1119 445 iis
1137 384 1358 463 revocabantur,
1375 387 1412 444 ut

193 493 252 537 aon
269 483 393 556 possent
408 495 466 537 non
482 478 518 538 ad
536 495 633 538 rerum
650 473 812 536 divinarum
824 472 1039 535 meditationem
1053 482 1081 534 et
1096 474 1131 534 ad
1149 491 1267 549 sensus,
1284 491 1301 532 a
1318 470 1410 550 cogi-

193 563 301 636 tatione
319 583 418 626 earum
434 563 594 639 venientes,
611 559 704 623 saeris
722 560 979 640 agoadisaddaei.
1009 564 1047 622 At
1063 559 1152 640 longe
1170 559 1229 620 alia
1245 567 1290 620 est
1306 556 1409 636 hornia

192 645 262 714 flua
281 662 444 716 nostrorum
461 649 544 712 ratio.
584 648 659 708 Sunt
683 645 777 720 enim,
803 647 833 708 in
851 657 951 709 nostra
968 646 1137 727 praesertim
1155 644 1302 722 ecclesia,
1325 645 1409 706 baud
1459 655 1460 658 ’

193 739 290 821 pauci,
308 739 366 820 qni,
384 757 459 818 quac
474 755 533 796 una
549 733 698 794 literarum
714 753 739 796 s.
756 734 929 797 anctoritate
944 735 1085 812 nitantur,
1116 737 1254 813 dogmata
1270 734 1411 794 deserant

192 846 300 907 resque
315 843 425 900 omnes,
449 821 479 882 in
497 819 659 900 evangeliis
676 820 808 898 traditas,
832 841 907 902 quae
923 843 941 884 a
959 831 1099 884 consueto
1118 841 1213 882 renum
1232 820 1334 882 ordine
1350 822 1411 880 ab·

193 915 327 988 horrent,
351 929 402 990 pro
420 907 529 969 fabulis
547 909 683 970 babeant.
724 908 809 984 Quos
834 909 949 990 quidem
973 909 1105 972 lromines
1128 911 1243 970 taedere
1260 909 1347 992 debet
1364 906 1411 967 ri-

194 1011 273 1062 tunrn
290 1007 319 1059 et
333 995 485 1072 festorum,
509 996 620 1072 adres,
644 1013 720 1076 qaas
736 993 767 1056 ia
784 995 950 1058 fabularum
968 1005 1089 1059 numero
1105 1006 1235 1077 ponunt,⁴
1256 994 1411 1077 pertinca-

193 1086 274 1161 ti'ura,
298 1103 353 1144 nec
369 1081 432 1143 fieri
449 1080 538 1144 irreile
555 1089 665 1163 potest,
690 1092 721 1143 ut
742 1081 780 1142 iis
795 1083 933 1146 homiliae
951 1095 979 1145 et
995 1083 1142 1162 carmina,
1167 1103 1258 1163 quae,
1283 1091 1315 1144 ut
1332 1081 1411 1162 ipsis

193 1171 310 1254 quitiam
327 1169 455 1246 ridetur,
480 1189 550 1232 nera
565 1167 649 1230 salsis
667 1169 758 1230 mixta
775 1171 907 1246 tradunt,
933 1173 1102 1250 probentur.
1141 1171 1218 1248 Quid
1236 1171 1330 1250 quod,
1356 1169 1419 1229 uiri

127 1293 130 1296 ·
193 1261 339 1337 dogmata,
364 1277 438 1337 quae
456 1277 507 1337 pro
526 1255 706 1332 commentis,
732 1266 760 1318 et
776 1257 973 1333 narrationes,
1001 1277 1074 1337 quas
1092 1277 1145 1336 pro
1160 1256 1269 1317 tabulis
1288 1257 1412 1334 hab'ent,

194 1345 266 1411 tradi
284 1343 420 1420 andiunt,
445 1342 635 1420 indignantur
658 1351 687 1403 et
710 1342 825 1404 animus
844 1363 943 1404 eorum
960 1344 999 1404 ita
1016 1346 1165 1419 turbatur,
1190 1353 1222 1403 ut
1238 1362 1293 1404 noe
1311 1342 1411 1404 modi·
1440 1417 1444 1422 Ι

193 1430 288 1493 landis
310 1432 399 1492 nebus
428 1429 536 1491 dirinis
560 1449 615 1490 nce
638 1427 773 1490 fovendis
793 1427 931 1492 sensibus
949 1429 1096 1508 religiosis
1112 1429 1173 1510 apti
1189 1429 1255 1492 sint.
1295 1431 1411 1506 Quare,

134 1529 136 1540 '
186 1518 219 1597 ⁸si
236 1517 304 1598 quid
321 1517 420 1594 rideo,
445 1537 595 1578 sacrorum
614 1515 883 1579 veteris-eeclesiae
902 1537 966 1578 curn
984 1515 1127 1593 rideretis,
1152 1537 1227 1596 quae
1244 1523 1410 1595 temporum
1435 1531 1439 1540 ’

193 1606 316 1666 istorum
334 1604 466 1666 immines
483 1606 519 1666 ad
536 1623 627 1664 annm
645 1623 746 1664 amnes
764 1602 916 1681 forebant,
942 1602 1145 1665 convenientia
1161 1624 1213 1682 pro
1239 1621 1330 1663 cansa
1355 1621 1411 1662 re-

193 1712 257 1754 ram
273 1711 424 1753 sacrarum
442 1691 529 1762 studii
548 1689 706 1771 praecipua
730 1690 866 1752 habenda
890 1685 945 1752 est.
982 1691 1049 1752 Huc
1071 1689 1201 1766 aceedit,
1227 1691 1304 1769 quad
1322 1697 1412 1769 vetus

186 1776 323 1841 'eeclesia
339 1799 425 1841 sacra
442 1797 497 1840 sna
513 1779 549 1840 ad
566 1798 727 1853 sacrorum,
745 1797 763 1838 a
780 1776 957 1838 Christianis
975 1780 1163 1852 desertorum,
1185 1774 1411 1856 similitudinem

193 1867 346 1928 inrrnabat.
384 1865 460 1927 Naar
484 1865 577 1926 inisse
595 1885 630 1924 ea
655 1870 713 1924 tota
727 1864 772 1923 'ad
790 1881 964 1944 synagogae
980 1864 1101 1925 iorrnarn
1120 1873 1148 1924 et
1169 1863 1332 1942 axcrnplam
1351 1883 1411 1923 ex-

195 1971 306 2033 pressa,
327 1971 412 2013 nemo
429 1953 556 2034 ignorat,
581 1949 629 2029 qui
651 1968 822 2028 synagogae
841 1961 869 2010 et
885 1950 1029 2012 eeclesiae
1045 1950 1119 2011 ritus
1137 1959 1164 2010 et
1181 1949 1314 2012 instituta
1329 1949 1411 2013 inni-

148 2093 154 2102 .
195 2055 257 2100 rern
275 2036 460 2117 eompararit.
489 2037 680 2116 synagogam
696 2033 807 2096 redolet
824 2056 886 2098 mos
902 2035 1019 2119 legendi
1038 2047 1065 2120 et
1080 2037 1288 2116 interpretandi
1306 2036 1411 2098 literas

196 2123 353 2204 sacras*);
377 2143 559 2204 synagogam
579 2125 703 2202 produnt
721 2143 786 2184 carn
805 2123 942 2202 precandi
965 2123 1124 2201 iorraalae,
1148 2125 1177 2184 in
1196 2122 1325 2188 cea-lesia
1341 2124 1411 2185 usi-

195 2223 271 2274 tatae
283 2211 343 2287 11),
360 2221 419 2271 turn
438 2209 533 2291 byarui
551 2219 579 2270 et
595 2207 719 2288 psalmi,
744 2231 817 2289 quos
834 2210 992 2272 Christiani
1011 2215 1167 2273 dceantarc
1184 2210 1411 2291 soleirant*“);

98 2303 100 2312 '
174 2313 177 2318 ’
196 2311 224 2361 ct
241 2317 353 2378 agapas
370 2296 477 2376 ceteris
493 2293 646 2372 ccclesiae,
663 2295 739 2358 inter
754 2317 828 2376 quas
845 2298 1005 2376 Christiani
1022 2319 1048 2360 s.
1064 2311 1156 2361 coena
1172 2308 1286 2360 ntentcs
1298 2297 1410 2368 Christi
1459 2321 1460 2334 ι

93 2403 99 2414 “
195 2384 361 2450 memoriam
377 2384 556 2458 recolebant,
574 2381 790 2463 nd'exemplum
805 2380 1003 2447 conviciorum
1021 2387 1210 2461 sanctiorum,
1227 2385 1342 2447 sabbati
1362 2385 1412 2447 die
1459 2385 1460 2403 ¹

150 2478 159 2525 2
173 2495 212 2554 ga
233 2471 349 2534 ludaeis
367 2471 595 2545 celebratarum,
619 2468 767 2532 institutas
784 2469 895 2549 luisse,
922 2475 1029 2534 dudum
1047 2473 1099 2534 riri
1124 2473 1200 2534 docti
1219 2473 1413 2547 ridernnt†).
1458 2473 1459 2478 ’

195 2561 263 2636 Qua
280 2557 395 2638 quidem
420 2579 485 2620 cunr
507 2555 603 2618 saeris
620 2556 748 2618 ludaiais
773 2557 962 2621 similitudine
985 2562 1137 2640 omnibus,
1164 2559 1212 2640 qai
1230 2570 1281 2621 ant
1298 2558 1413 2637 ludaei,

167 2655 246 2707 ·ant
262 2643 427 2725 proselytae
451 2645 583 2720 fuerant,
607 2663 693 2705 sacra
710 2643 868 2707 christiana
892 2645 1017 2708 mraxime
1040 2647 1235 2708 ennrnrcndari
1252 2648 1413 2708 debebant.
1458 2651 1459 2685 ι

195 2731 271 2794 Nam
287 2739 458 2796 reverentur
473 2730 606 2792 homines
622 2731 763 2792 maiorum
787 2752 881 2794 mores
905 2744 933 2794 et
955 2733 1103 2812 instituta,
1128 2753 1239 2814 caque,¹
1263 2753 1334 2794 eara
1352 2734 1413 2794 sibi

197 2822 234 2880 ob
251 2837 337 2880 usn·
352 2816 475 2897 longum
493 2827 521 2880 et
536 2817 713 2894 diutnmurn,
737 2839 827 2899 aegre
843 2821 993 2904 deserunt.
1032 2822 1131 2898 Quare
1149 2841 1234 2882 saera
1252 2820 1413 2898 ecelesiae,

196 2909 233 2968 ad
250 2925 420 2988 synagogae
438 2905 601 2986 exenrmlum
619 2905 795 2986 composita,
818 2905 878 2976 bau,
890 2907 955 2987 ipsa
972 2913 1044 2970 cum
1055 2909 1160 2970 ritibus
1176 2907 1305 2970 Iudaicis
1324 2907 1413 2969 simi-

194 2992 319 3056 litadine
335 2991 640 3056 ledaco-clnristiaaos
659 2993 782 3054 maxime
800 2991 983 3072 alliciebant,
1007 2993 1192 3057 delectabant
1209 3003 1237 3057 ct
1260 2997 1413 3059 tenebant.

154 3131 161 3144 .
196 3082 242 3144 Eu
261 3090 374 3156 autem,
398 3083 515 3160 dequo
539 3080 608 3140 milri
630 3099 725 3141 sermo
742 3088 804 3155 est,
829 3079 974 3161 toarpo're,
999 3081 1072 3142 nulli
1090 3085 1151 3145 iere
1168 3081 1257 3155 ritus,
1282 3085 1412 3144 arabus

197 3167 376 3228 Graecorum
393 3175 422 3226 et
437 3167 635 3227 Romanorum
654 3164 749 3240 ducti,
768 3165 798 3224 ia
816 3166 971 3238 ecclesiam
991 3167 1096 3230 innecti
1114 3179 1191 3232 snat.
1227 3170 1301 3230 Nam
1319 3169 1414 3230 Cluni-

195 3250 301 3326 stiani,
325 3269 410 3313 saera
428 3271 608 3330 paganorum
625 3252 662 3310 ad
680 3252 855 3326 daemones,
880 3253 944 3315 Deo
968 3254 1099 3318 infensos
1125 3267 1152 3318 et
1175 3255 1296 3317 lionoris
1317 3255 1412 3317 divini

197 3336 334 3418 cupidos,
358 3337 504 3415 portinere
522 3336 591 3414 rati,
614 3335 654 3399 ita
672 3355 706 3398 ea
722 3337 880 3400 abominati
898 3352 981 3421 sunt,
1006 3353 1038 3404 nt
1055 3342 1288 3406 commuttionem
1306 3364 1411 3405 eorum

83 3485 87 3494 ,
196 3444 295 3504 angue
311 3422 397 3502 peius
415 3423 561 3504 lugerent.
594 3423 715 3486 Praeter
732 3422 837 3506 epulas
855 3437 882 3490 ct
898 3419 995 3510 ludos,
1020 3430 1079 3511 qni,
1107 3437 1241 3510 Greporio
1260 3433 1413 3493 warranto-

206 3585 418 3601 W

244 3697 295 3820 66⁸3
316 3711 341 3749 v.
363 3695 518 3764 compegisti
540 3697 668 3778 Virriaga
686 3699 716 3751 de
735 3699 871 3768 synagoga
889 3707 988 3769 scetere,
1007 3719 1032 3772 p.
1053 3701 1216 3758 ste-1008.
1238 3721 1263 3771 p.
1284 3701 1335 3756 686
1353 3719 1413 3773 sqq.

215 3801 222 3822 ·
312 3783 367 3834 sqq.
682 3827 686 3834 .
1232 3783 1235 3796 '
1454 3805 1455 3810 ¹

196 3782 211 3838 p
265 3837 310 3898 **)
331 3835 364 3888 Ut
382 3835 523 3889 formulae:
542 3835 632 3902 Arnen,
652 3837 792 3904 llosiaana,
811 3838 968 3905 llallelujalr.
989 3840 1029 3892 Cf.
1039 3843 1146 3891 Ernesti
1155 3841 1286 3892 Frr'drrr‘ci
1299 3845 1415 3894 Wrras-

197 3903 274 3966 durtii
292 3905 444 3956 exercitatio
463 3905 584 3967 liturgica
605 3908 636 3957 de
662 3908 771 3958 formula
798 3910 895 3959 veteris
916 3909 1043 3960 eeclesiae
1070 3911 1229 3976 panlnnodica
1249 3909 1414 3976 llnllelnjalr.

197 3971 284 4022 vitot.
306 3970 387 4027 tnta:
406 3973 499 4026 Er'rrul.
524 3977 704 4026 commentatio
725 3975 756 4026 de
783 3992 857 4042 preco
879 3977 1010 4028 llosianna
1037 3977 1143 4044 eiusque
1167 3979 1194 4029 ia
1218 3977 1324 4041 liturgia
1349 3995 1413 4033 usu.

198 4039 263 4094 lbid.
285 4041 360 4092 1765.
383 4045 421 4094 Io.
443 4043 539 4102 Geor-g.
562 4045 671 4092 Weber-i
688 4044 755 4095 lliss.
775 4045 806 4094 de
824 4047 896 4096 vocis
915 4045 994 4096 Arinen
1013 4062 1089 4096 sensu
1109 4055 1135 4097 ot
1152 4063 1209 4096 usu.
1233 4046 1310 4098 lenae
1332 4048 1413 4101 1734.
1453 4073 1454 4076 ¹

266 4105 326 4175 lli)
345 4107 386 4159 Ci.
405 4109 544 4161 Waiediar
563 4111 594 4160 de
614 4112 714 4177 lrpmnis
734 4114 861 4164 eeclesiae
881 4115 1049 4180 apostolieae.
1070 4115 1123 4165 len.
1135 4113 1212 4167 1737.
1231 4121 1259 4165 et
1277 4121 1316 4170 Io.
1330 4120 1415 4175 Zarin.

197 4177 317 4238 nitrique
335 4177 367 4228 de
387 4178 539 4243 psalmorum
558 4187 585 4229 ct
601 4179 705 4231 odarum
725 4183 882 4232 discrimino.
903 4182 989 4233 Viteb.
1011 4184 1086 4235 1770.
1183 4193 1188 4206 ’

266 4245 449 4310 †).Ci.11ago
466 4248 572 4298 Grotius
586 4247 617 4297 dc
633 4262 728 4300 eoeaac
743 4250 975 4315 administratione,
994 4253 1038 4302 ubi
1054 4258 1173 4318 pastores
1192 4267 1241 4302 non
1257 4260 1328 4318 sunt,
1348 4269 1412 4322 pag.

197 4314 241 4370 22.
261 4320 288 4364 et
302 4315 457 4365 Boebnnerna
475 4316 506 4366 de
525 4315 679 4367 enitionibus
694 4317 898 4370 Christianorum
919 4320 950 4369 ad
968 4313 1117 4386 cripiendum
1136 4321 1229 4384 cibum,
1249 4321 1274 4370 in
1291 4323 1413 4377 disserti.

198 4382 262 4437 iuris
280 4383 451 4436 ecelesiastici
470 4385 568 4454 antiqui
587 4386 619 4436 nd
638 4384 747 4442 Plinium
766 4387 905 4442 secandum
924 4395 951 4441 ct
970 4387 1157 4442 Tertullianum
1178 4405 1204 4458 p.
1225 4389 1357 4447 237-39.
