2968 4896
707 1230 929 1317 XXXIII.

272 1457 310 1546 t.
349 1453 615 1566 Iosephus
654 1449 883 1539 Clauder
924 1451 978 1540 de
1019 1449 1168 1538 ritibus
1204 1447 1371 1566 baptis-
1479 1391 1480 1432 ³

698 1587 939 1703 malibus*).
1268 1589 1270 1594 ’

302 1841 337 1906 In
349 1841 485 1906 confesso
498 1841 611 1906 ridetur
625 1846 702 1924 apud
720 1864 829 1921 omues,
847 1853 903 1906 lam
919 1840 1076 1906 historicos
1094 1831 1324 1918 ecclesiasticos,
1343 1862 1443 1922 qnam

215 1930 299 2014 ipsos
317 1930 485 2011 theologos,
506 1943 633 2012 tempore
649 1932 799 1994 nascentis
818 1931 963 1994 ecelesiae
980 1929 1173 2011 simpliciores
1190 1930 1263 1991 ritus
1280 1929 1309 1988 in
1329 1930 1442 1993 eecle-

216 2024 263 2082 sia
280 2020 391 2082 Christi
409 2020 521 2096 fuisse,
548 2020 596 2100 qui
615 2030 798 2080 sacramenta
817 2020 854 2082 N.
872 2021 912 2082 Τ.
930 2021 1024 2100 qnoatl
1044 2028 1195 2080 externum
1212 2027 1320 2088 statum
1340 2037 1441 2080 exor-

98 2142 103 2152 ·
214 2119 331 2171 narunt.
369 2109 431 2169 Nos
455 2109 539 2168 modo
563 2103 695 2172 nunnibil
720 2109 754 2168 de
771 2107 875 2168 ritibus
893 2107 971 2169 eirea
995 2107 1170 2187 baptismam
1195 2127 1231 2168 ex
1254 2105 1439 2186 antiquitate
1481 2091 1482 2158 l

214 2195 429 2273 meditabimur,
452 2197 605 2256 verborum
625 2192 802 2256 Tertulliani
822 2197 1009 2258 recordantes
1025 2197 1076 2273 (de
1093 2198 1171 2275 bapt.
1188 2193 1239 2270 2lr
1272 2197 1365 2267 Ntttt,
1386 2194 1441 2256 in-

215 2285 291 2366 quit,
317 2288 385 2346 odeo
402 2295 458 2356 cel,
481 2285 553 2364 qaorl
568 2285 686 2345 obdrrrnt
702 2293 802 2343 arentm
818 2285 971 2362 lromiaam,
995 2305 1077 2364 qaum
1092 2285 1257 2362 simplicitas
1272 2283 1442 2348 diuinorum

214 2395 337 2454 oportun,
363 2394 433 2453 qnae
448 2379 478 2432 in
495 2383 558 2432 artat
573 2374 680 2432 oilletar
696 2381 721 2430 et
737 2371 949 2448 aropaiftceutlc,
975 2393 1046 2452 qrrnc
1062 2377 1091 2432 ia
1108 2373 1204 2448 effecta
1219 2375 1440 2450 repromittilar,

213 2473 244 2522 at
260 2465 304 2524 lais
321 2483 441 2542 qaoque,
466 2466 597 2540 quoniam
613 2469 693 2520 tanta
717 2461 894 2538 simplicitate
910 2465 970 2526 siae
985 2481 1103 2539 poaapn,
1126 2465 1343 2544 siacqopporalc
1359 2480 1440 2521 aooo

213 2552 324 2627 nliqno,
348 2551 462 2628 danique
482 2553 541 2606 sinc
561 2557 671 2623 enarra,
694 2549 774 2608 bomo
791 2552 820 2608 in
842 2569 945 2628 uquam
961 2549 1095 2608 densiores
1111 2557 1136 2608 el
1153 2553 1223 2608 ialar
1239 2567 1331 2626 parton
1346 2549 1440 2609 uerba
1482 2549 1483 2566 ¹

212 2642 331 2706 tinctae,
357 2657 412 2694 aaa
435 2636 522 2694 malla
546 2637 588 2694 uel
610 2637 697 2696 allcilo
720 2637 849 2696 moraniur
874 2642 1007 2713 resurgit,
1032 2657 1062 2695 eo
1086 2637 1254 2696 tacredttttta
1276 2641 1439 2697 aeternitas

186 2773 189 2781 .
213 2728 373 2783 aestimetur
389 2731 438 2784 etc.
476 2721 581 2781 Strabo
600 2741 657 2782 nnn
677 2721 846 2782 dissimilem
865 2722 949 2784 affert
966 2724 1139 2784 sententiam
1157 2724 1204 2804 (de
1223 2721 1311 2782 rebus
1328 2722 1437 2784 eea-le-

215 2809 300 2871 siasl.
315 2809 384 2889 26.)
411 2811 470 2888 ejas
493 2811 696 2871 celebrationem
719 2813 861 2888 gradatim
883 2833 932 2890 per
955 2822 1106 2890 temporam
1125 2820 1273 2888 aarqmcntc
1288 2815 1318 2870 ia
1334 2813 1438 2889 mamae

213 2903 373 2960 eacreaisse.
411 2898 457 2958 Ex
477 2897 584 2978 quibus
601 2895 691 2958 farrile
709 2909 795 2977 patet,
814 2909 921 2979 quanta
938 2897 1114 2978 cognitionis
1136 2896 1299 2959 necessitas
1316 2899 1438 2958 doetri-

213 3006 270 3048 nae
288 2989 324 3047 ‹le
341 2984 444 3046 ritibus
464 2985 686 3065 baptismalibus
704 3005 741 3046 ex
756 2985 880 3047 historia
897 2985 1097 3047 ecclesiastiea
1115 2984 1268 3047 tribuenda
1286 2983 1334 3047 rit.
1367 2986 1438 3048 Ita—

213 3096 270 3157 que
287 3074 430 3154 originem
449 3072 556 3134 rituum
575 3073 706 3151 istorum,
725 3074 939 3150 necessitatem,
968 3074 1111 3135 diversam
1129 3072 1323 3134 conditionem
1340 3084 1437 3155 atque

213 3162 458 3224 circumstantiam
478 3164 645 3237 eorundem,
664 3173 802 3242 quautam
820 3160 884 3222 fieri
902 3161 1014 3242 poterit,
1035 3161 1136 3241 paneis
1155 3181 1345 3242 exponemus.

300 3250 327 3332 ᾗ.
355 3251 382 3310 l.
416 3247 577 3308 Maximum
596 3249 741 3310 eeclesiae
767 3247 949 3329 privilegium
967 3271 984 3310 a
1001 3251 1064 3310 Deo
1087 3269 1275 3324 eoncessum,
1302 3250 1371 3310 dum
1394 3272 1435 3314 ex

212 3335 357 3415 singulari
375 3334 460 3395 istius
478 3335 658 3413 providentia
675 3337 854 3416 temporibus
871 3337 1082 3418 antiquissimis
1101 3337 1184 3414 ritus,
1202 3336 1250 3418 qui
1268 3335 1434 3400 ecelesiam

212 3433 400 3495 exornarunt,
418 3421 560 3501 originem
579 3434 738 3499 traxerunt,
760 3423 837 3485 inter
852 3445 926 3505 quos
946 3447 1001 3486 nun
1019 3426 1113 3486 solum
1131 3425 1204 3485 ritus
1223 3423 1434 3488 circumcisio-

211 3511 259 3572 nis
276 3496 341 3571 bum
359 3508 425 3570 aliis
443 3510 616 3571 ceremoniis
634 3511 867 3592 quamplurimis,
887 3532 946 3593 qua
963 3512 1089 3592 priscum
1106 3512 1221 3589 foedus,
1241 3515 1293 3572 soal
1310 3523 1337 3573 et
1353 3513 1433 3578 ritus

212 3597 399 3679 baptismales
416 3596 445 3658 in
464 3617 537 3658 aare
561 3598 679 3660 foedere
697 3599 845 3660 recenseri
872 3613 1026 3662 merentur.
1064 3599 1098 3660 la
1117 3611 1230 3680 patrum
1249 3599 1335 3660 dictis
1353 3599 1433 3662 illu-

212 3687 299 3748 slrari
319 3685 431 3766 poterit.
469 3686 531 3747 Nos
550 3696 659 3747 tantum
675 3687 740 3764 bio,
768 3689 803 3748 nd
822 3690 964 3768 quosdam
983 3687 1204 3750 ecclesiasticos
1219 3687 1430 3768 respicientes,

209 3775 367 3836 nonnullos
391 3775 463 3834 ritus
484 3774 670 3853 baptismales
693 3776 915 3838 annotabimus:
943 3778 1019 3857 quod
1043 3775 1195 3855 signemur
1217 3774 1304 3854 signo
1326 3778 1430 3840 erucis

210 3863 260 3941 (de
278 3883 335 3942 quo
352 3859 567 3938 Basilius),
593 3861 707 3942 Spiritu
724 3864 755 3926 S.
782 3862 894 3942 (Dion
903 3885 956 3944 ys.
978 3865 1113 3944 Areop.
1139 3864 1204 3925 libr.
1222 3861 1331 3925 eccles.
1357 3865 1430 3927 bie-

208 3951 319 4022 rarch.)
332 3951 408 4029 quad
425 3950 636 4011 abreuunoienl
649 3951 776 4012 Satanae
795 3961 822 4012 et
839 3951 953 4032 pompis
967 3952 1041 4033 ejus,
1059 3950 1107 4032 qui
1124 3950 1310 4032 baptizantur
1322 3953 1429 4033 (qoem

209 4034 297 4096 ritum
315 4035 465 4097 insinuant
481 4036 617 4114 Basil,
641 4038 706 4101 Ori
715 4059 799 4119 gen.
823 4049 851 4100 et
868 4038 1055 4117 Tertull.)
1074 4049 1101 4100 et
1117 4039 1166 4120 qni
1190 4039 1264 4101 ritus
1288 4038 1339 4100 alii
1358 4041 1428 4121 ejus

209 4121 330 4203 generis
354 4133 431 4184 sunl.
470 4123 553 4185 Unde
571 4129 808 4206 cognoscendum
834 4125 903 4204 erit,
927 4125 1002 4188 ritas
1020 4125 1255 4205 ecclesiasticos,
1280 4115 1428 4208 imprimis

207 4207 416 4292 baptismales,
441 4229 525 4273 suam
543 4212 693 4294 origenem
713 4235 810 4278 veram
828 4213 858 4274 in
875 4214 1003 4277 ecelesia
1021 4213 1252 4278 Christianorum
1269 4215 1429 4298 accepisse

205 4357 436 4372 Ἠ

276 4432 304 4504 *l
325 4432 414 4504 Prot,
435 4449 522 4504 praet.
539 4434 572 4490 A.
591 4434 624 4489 Η.
641 4434 844 4507 Doutsebmana,
866 4435 955 4493 Vitob.
976 4438 1052 4495 1693.
1071 4438 1098 4493 i.
