<?xml version="1.0" encoding="UTF-8"?>
<!DOCTYPE html PUBLIC "-//W3C//DTD XHTML 1.0 Transitional//EN"
    "http://www.w3.org/TR/xhtml1/DTD/xhtml1-transitional.dtd">
<html xmlns="http://www.w3.org/1999/xhtml" xml:lang="en" lang="en">
 <head>
  <title>
</title>
<meta http-equiv="Content-Type" content="text/html;charset=utf-8" />
  <meta name='ocr-system' content='tesseract 3.04.00' />
  <meta name='ocr-capabilities' content='ocr_page ocr_carea ocr_par ocr_line ocrx_word'/>
</head>
<body>
  <div class='ocr_page' id='page_1' title='image "./thesauruscommen00volbgoog_0125.png"; bbox 0 0 2968 4896; ppageno 0'>
   <div class='ocr_carea' id='block_1_1' title="bbox 219 134 1027 268">
    <p class='ocr_par' dir='ltr' id='par_1_1' title="bbox 219 134 1027 268">
     <span class='ocr_line' id='line_1_1' title="bbox 219 134 1027 268; baseline -0.012 -28"><span class='ocrx_word' id='word_1_1' title='bbox 219 169 284 240; x_wconf 79' lang='grc'>118</span> <span class='ocrx_word' id='word_1_2' title='bbox 593 134 724 268; x_wconf 39' lang='lat' dir='ltr'>lxxxv·</span> <span class='ocrx_word' id='word_1_3' title='bbox 769 165 804 234; x_wconf 80' lang='lat' dir='ltr'>G.</span> <span class='ocrx_word' id='word_1_4' title='bbox 819 167 856 236; x_wconf 84' lang='lat' dir='ltr'>v.</span> <span class='ocrx_word' id='word_1_5' title='bbox 872 163 1027 254; x_wconf 70' lang='lat' dir='ltr'>Weidling</span> 
     </span>
    </p>
   </div>
   <div class='ocr_carea' id='block_1_2' title="bbox 137 339 1472 3048">
    <p class='ocr_par' dir='ltr' id='par_1_2' title="bbox 137 339 1472 3048">
     <span class='ocr_line' id='line_1_2' title="bbox 221 339 1433 423; baseline -0.008 -11"><span class='ocrx_word' id='word_1_6' title='bbox 221 347 305 412; x_wconf 79' lang='lat' dir='ltr'>&#39;viere</span> <span class='ocrx_word' id='word_1_7' title='bbox 321 355 414 408; x_wconf 88' lang='lat' dir='ltr'>ortum</span> <span class='ocrx_word' id='word_1_8' title='bbox 432 345 565 409; x_wconf 86' lang='lat' dir='ltr'>trahebat</span> <span class='ocrx_word' id='word_1_9' title='bbox 581 364 689 408; x_wconf 91' lang='lat' dir='ltr'>errore.</span> <span class='ocrx_word' id='word_1_10' title='bbox 730 343 877 406; x_wconf 87' lang='lat' dir='ltr'>Potabant</span> <span class='ocrx_word' id='word_1_11' title='bbox 893 342 968 406; x_wconf 89' lang='lat' dir='ltr'>euim</span> <span class='ocrx_word' id='word_1_12' title='bbox 984 349 1110 420; x_wconf 82' lang='lat' dir='ltr'>veteres,</span> <span class='ocrx_word' id='word_1_13' title='bbox 1129 343 1215 423; x_wconf 80' lang='lat' dir='ltr'>quod,</span> <span class='ocrx_word' id='word_1_14' title='bbox 1232 339 1258 402; x_wconf 93' lang='lat' dir='ltr'>si</span> <span class='ocrx_word' id='word_1_15' title='bbox 1276 349 1433 423; x_wconf 75' lang='lat' dir='ltr'>martyrum</span> 
     </span>
     <span class='ocr_line' id='line_1_3' title="bbox 222 429 1434 516; baseline -0.008 -18"><span class='ocrx_word' id='word_1_16' title='bbox 222 456 344 516; x_wconf 88' lang='lat' dir='ltr'>corpora</span> <span class='ocrx_word' id='word_1_17' title='bbox 362 433 451 512; x_wconf 73' lang='lat' dir='ltr'>digno</span> <span class='ocrx_word' id='word_1_18' title='bbox 469 433 637 514; x_wconf 73' lang='lat' dir='ltr'>exciperent</span> <span class='ocrx_word' id='word_1_19' title='bbox 654 432 763 494; x_wconf 87' lang='lat' dir='ltr'>honere</span> <span class='ocrx_word' id='word_1_20' title='bbox 781 446 831 494; x_wconf 91' lang='lat' dir='ltr'>aut</span> <span class='ocrx_word' id='word_1_21' title='bbox 849 433 873 492; x_wconf 92' lang='lat' dir='ltr'>si</span> <span class='ocrx_word' id='word_1_22' title='bbox 894 453 931 494; x_wconf 93' lang='lat' dir='ltr'>ex</span> <span class='ocrx_word' id='word_1_23' title='bbox 948 431 1005 492; x_wconf 88' lang='lat' dir='ltr'>bac</span> <span class='ocrx_word' id='word_1_24' title='bbox 1031 431 1089 492; x_wconf 84' lang='lat' dir='ltr'>rita</span> <span class='ocrx_word' id='word_1_25' title='bbox 1116 429 1229 510; x_wconf 80' lang='lat' dir='ltr'>egressi</span> <span class='ocrx_word' id='word_1_26' title='bbox 1248 429 1337 510; x_wconf 68' lang='lat' dir='ltr'>juxta</span> <span class='ocrx_word' id='word_1_27' title='bbox 1357 451 1434 490; x_wconf 86' lang='lat' dir='ltr'>urar·</span> 
     </span>
     <span class='ocr_line' id='line_1_4' title="bbox 221 517 1434 606; baseline -0.007 -21"><span class='ocrx_word' id='word_1_28' title='bbox 221 535 315 606; x_wconf 75' lang='lat' dir='ltr'>tyrum</span> <span class='ocrx_word' id='word_1_29' title='bbox 333 521 507 582; x_wconf 67' lang='lat' dir='ltr'>‹zoerueteria</span> <span class='ocrx_word' id='word_1_30' title='bbox 524 517 734 602; x_wconf 88' lang='lat' dir='ltr'>sepelirentur,</span> <span class='ocrx_word' id='word_1_31' title='bbox 759 520 915 602; x_wconf 78' lang='lat' dir='ltr'><strong>participes</strong></span> <span class='ocrx_word' id='word_1_32' title='bbox 932 521 1124 580; x_wconf 71' lang='lat' dir='ltr'>redderentur</span> <span class='ocrx_word' id='word_1_33' title='bbox 1141 517 1306 579; x_wconf 89' lang='lat' dir='ltr'>meritorum</span> <span class='ocrx_word' id='word_1_34' title='bbox 1326 528 1434 596; x_wconf 79' lang='lat' dir='ltr'>marty-</span> 
     </span>
     <span class='ocr_line' id='line_1_5' title="bbox 220 595 1472 704; baseline -0.006 -32"><span class='ocrx_word' id='word_1_35' title='bbox 220 633 296 672; x_wconf 86' lang='lat' dir='ltr'>ruuu.</span> <span class='ocrx_word' id='word_1_36' title='bbox 337 607 422 670; x_wconf 82' lang='lat' dir='ltr'>Hrrnc</span> <span class='ocrx_word' id='word_1_37' title='bbox 440 609 605 690; x_wconf 83' lang='lat' dir='ltr'><strong>opinionem</strong></span> <span class='ocrx_word' id='word_1_38' title='bbox 620 609 679 688; x_wconf 88' lang='lat' dir='ltr'>jam</span> <span class='ocrx_word' id='word_1_39' title='bbox 696 595 757 670; x_wconf 71' lang='lat' dir='ltr'>se&#39;c.</span> <span class='ocrx_word' id='word_1_40' title='bbox 774 607 805 676; x_wconf 79' lang='lat'>4.</span> <span class='ocrx_word' id='word_1_41' title='bbox 829 607 905 668; x_wconf 90' lang='lat' dir='ltr'>iuter</span> <span class='ocrx_word' id='word_1_42' title='bbox 921 607 1106 668; x_wconf 74' lang='lat' dir='ltr'>Christianos</span> <span class='ocrx_word' id='word_1_43' title='bbox 1124 605 1287 666; x_wconf 83' lang='lat' dir='ltr'>obtinuisse</span> <span class='ocrx_word' id='word_1_44' title='bbox 1305 617 1435 666; x_wconf 84' lang='lat' dir='ltr'>aeterum</span> <span class='ocrx_word' id='word_1_45' title='bbox 1471 665 1472 704; x_wconf 73' lang='lat'>,</span> 
     </span>
     <span class='ocr_line' id='line_1_6' title="bbox 221 691 1472 772; baseline -0.012 -10"><span class='ocrx_word' id='word_1_46' title='bbox 221 708 366 762; x_wconf 80' lang='lat' dir='ltr'>testantur</span> <span class='ocrx_word' id='word_1_47' title='bbox 391 706 585 770; x_wconf 90' lang='lat' dir='ltr'>monumenta.</span> <span class='ocrx_word' id='word_1_48' title='bbox 625 696 665 756; x_wconf 92' lang='lat' dir='ltr'>lta</span> <span class='ocrx_word' id='word_1_49' title='bbox 692 695 767 756; x_wconf 90' lang='lat' dir='ltr'>euim</span> <span class='ocrx_word' id='word_1_50' title='bbox 792 695 965 756; x_wconf 86' lang='lat' dir='ltr'>Ambrosius</span> <span class='ocrx_word' id='word_1_51' title='bbox 991 695 1100 772; x_wconf 80' lang='lat' dir='ltr'>(Serae.</span> <span class='ocrx_word' id='word_1_52' title='bbox 1117 697 1184 770; x_wconf 87' lang='lat'><strong>77.)</strong></span> <span class='ocrx_word' id='word_1_53' title='bbox 1208 691 1330 753; x_wconf 81' lang='lat' dir='ltr'>scribit:</span> <span class='ocrx_word' id='word_1_54' title='bbox 1358 693 1435 772; x_wconf 86' lang='lat' dir='ltr'>quod</span> <span class='ocrx_word' id='word_1_55' title='bbox 1471 709 1472 746; x_wconf 64' lang='grc' dir='ltr'><strong>ι</strong></span> 
     </span>
     <span class='ocr_line' id='line_1_7' title="bbox 220 779 1436 865; baseline -0.008 -16"><span class='ocrx_word' id='word_1_56' title='bbox 220 806 291 849; x_wconf 81' lang='lat' dir='ltr'>vcro</span> <span class='ocrx_word' id='word_1_57' title='bbox 309 785 434 865; x_wconf 88' lang='lat' dir='ltr'>quisque</span> <span class='ocrx_word' id='word_1_58' title='bbox 452 785 528 862; x_wconf 90' lang='lat' dir='ltr'>apud</span> <span class='ocrx_word' id='word_1_59' title='bbox 547 783 713 843; x_wconf 89' lang='lat' dir='ltr'>memoriam</span> <span class='ocrx_word' id='word_1_60' title='bbox 732 791 891 864; x_wconf 75' lang='lat' dir='ltr'>martyrum·</span> <span class='ocrx_word' id='word_1_61' title='bbox 904 781 1053 862; x_wconf 83' lang='lat' dir='ltr'>sepelitur,</span> <span class='ocrx_word' id='word_1_62' title='bbox 1075 781 1131 840; x_wconf 90' lang='lat' dir='ltr'>hoc</span> <span class='ocrx_word' id='word_1_63' title='bbox 1149 790 1257 842; x_wconf 78' lang='lat' dir='ltr'>tanturm</span> <span class='ocrx_word' id='word_1_64' title='bbox 1275 779 1343 842; x_wconf 88' lang='lat' dir='ltr'>mibi</span> <span class='ocrx_word' id='word_1_65' title='bbox 1365 800 1436 858; x_wconf 90' lang='lat' dir='ltr'>pro-</span> 
     </span>
     <span class='ocr_line' id='line_1_8' title="bbox 222 866 1437 951; baseline -0.006 -17"><span class='ocrx_word' id='word_1_66' title='bbox 222 875 310 934; x_wconf 87' lang='lat' dir='ltr'>desse</span> <span class='ocrx_word' id='word_1_67' title='bbox 328 872 440 932; x_wconf 85' lang='lat' dir='ltr'>ridetur</span> <span class='ocrx_word' id='word_1_68' title='bbox 457 871 603 941; x_wconf 81' lang='lat' dir='ltr'>defuncto,</span> <span class='ocrx_word' id='word_1_69' title='bbox 621 881 662 950; x_wconf 88' lang='lat' dir='ltr'>ut,</span> <span class='ocrx_word' id='word_1_70' title='bbox 679 873 883 932; x_wconf 88' lang='lat' dir='ltr'>commendans</span> <span class='ocrx_word' id='word_1_71' title='bbox 900 882 1132 951; x_wconf 82' lang='lat' dir='ltr'>commartyrum</span> <span class='ocrx_word' id='word_1_72' title='bbox 1152 866 1322 947; x_wconf 86' lang='lat' dir='ltr'>patrocinio,</span> <span class='ocrx_word' id='word_1_73' title='bbox 1341 867 1437 927; x_wconf 87' lang='lat' dir='ltr'>allec-</span> 
     </span>
     <span class='ocr_line' id='line_1_9' title="bbox 221 951 1440 1040; baseline -0.006 -18"><span class='ocrx_word' id='word_1_74' title='bbox 221 971 270 1022; x_wconf 90' lang='lat' dir='ltr'>tus</span> <span class='ocrx_word' id='word_1_75' title='bbox 295 979 346 1040; x_wconf 95' lang='lat' dir='ltr'>pro</span> <span class='ocrx_word' id='word_1_76' title='bbox 369 956 423 1018; x_wconf 92' lang='lat' dir='ltr'>illo</span> <span class='ocrx_word' id='word_1_77' title='bbox 447 957 661 1038; x_wconf 67' lang='lat' dir='ltr'>supplicatione</span> <span class='ocrx_word' id='word_1_78' title='bbox 687 968 841 1037; x_wconf 81' lang='lat' dir='ltr'>augeatur.</span> <span class='ocrx_word' id='word_1_79' title='bbox 885 958 922 1018; x_wconf 84' lang='lat' dir='ltr'>Et</span> <span class='ocrx_word' id='word_1_80' title='bbox 946 955 1131 1036; x_wconf 75' lang='lat' dir='ltr'>Augustinus</span> <span class='ocrx_word' id='word_1_81' title='bbox 1156 961 1286 1032; x_wconf 87' lang='lat' dir='ltr'>(retract.</span> <span class='ocrx_word' id='word_1_82' title='bbox 1303 951 1340 1030; x_wconf 78' lang='lat'>⁶2,</span> <span class='ocrx_word' id='word_1_83' title='bbox 1361 955 1440 1032; x_wconf 83' lang='lat'>64):</span> 
     </span>
     <span class='ocr_line' id='line_1_10' title="bbox 222 1043 1442 1126; baseline -0.007 -15"><span class='ocrx_word' id='word_1_84' title='bbox 222 1048 326 1110; x_wconf 90' lang='lat' dir='ltr'>ideoa</span> <span class='ocrx_word' id='word_1_85' title='bbox 349 1045 509 1126; x_wconf 89' lang='lat' dir='ltr'>majoribus</span> <span class='ocrx_word' id='word_1_86' title='bbox 527 1045 679 1126; x_wconf 84' lang='lat' dir='ltr'>previsum</span> <span class='ocrx_word' id='word_1_87' title='bbox 707 1055 764 1119; x_wconf 89' lang='lat' dir='ltr'>est,</span> <span class='ocrx_word' id='word_1_88' title='bbox 790 1043 900 1125; x_wconf 92' lang='lat' dir='ltr'>inquit,</span> <span class='ocrx_word' id='word_1_89' title='bbox 926 1053 956 1106; x_wconf 91' lang='lat' dir='ltr'>ut</span> <span class='ocrx_word' id='word_1_90' title='bbox 979 1053 1144 1106; x_wconf 90' lang='lat' dir='ltr'>sauctorum</span> <span class='ocrx_word' id='word_1_91' title='bbox 1171 1044 1290 1104; x_wconf 87' lang='lat' dir='ltr'>ossibus</span> <span class='ocrx_word' id='word_1_92' title='bbox 1314 1062 1442 1122; x_wconf 89' lang='lat' dir='ltr'>corpora</span> 
     </span>
     <span class='ocr_line' id='line_1_11' title="bbox 223 1129 1442 1212; baseline -0.006 -15"><span class='ocrx_word' id='word_1_93' title='bbox 223 1147 325 1197; x_wconf 88' lang='lat' dir='ltr'>nostra</span> <span class='ocrx_word' id='word_1_94' title='bbox 343 1133 499 1208; x_wconf 86' lang='lat' dir='ltr'>sociemus,</span> <span class='ocrx_word' id='word_1_95' title='bbox 515 1144 556 1206; x_wconf 91' lang='lat' dir='ltr'>ut,</span> <span class='ocrx_word' id='word_1_96' title='bbox 575 1134 642 1194; x_wconf 91' lang='lat' dir='ltr'>dum</span> <span class='ocrx_word' id='word_1_97' title='bbox 657 1129 728 1193; x_wconf 91' lang='lat' dir='ltr'>illos</span> <span class='ocrx_word' id='word_1_98' title='bbox 745 1142 872 1193; x_wconf 90' lang='lat' dir='ltr'>tratarus</span> <span class='ocrx_word' id='word_1_99' title='bbox 890 1131 998 1204; x_wconf 88' lang='lat' dir='ltr'>metuit,</span> <span class='ocrx_word' id='word_1_100' title='bbox 1017 1151 1069 1194; x_wconf 91' lang='lat' dir='ltr'>nos</span> <span class='ocrx_word' id='word_1_101' title='bbox 1087 1150 1181 1212; x_wconf 79' lang='lat' dir='ltr'>poena</span> <span class='ocrx_word' id='word_1_102' title='bbox 1198 1137 1254 1190; x_wconf 87' lang='lat' dir='ltr'>non</span> <span class='ocrx_word' id='word_1_103' title='bbox 1273 1141 1442 1208; x_wconf 78' lang='lat' dir='ltr'>tangat.—</span> 
     </span>
     <span class='ocr_line' id='line_1_12' title="bbox 224 1218 1442 1306; baseline -0.002 -25"><span class='ocrx_word' id='word_1_104' title='bbox 224 1223 254 1306; x_wconf 77' lang='lat'>§.</span> <span class='ocrx_word' id='word_1_105' title='bbox 279 1223 309 1283; x_wconf 80' lang='lat'>8.</span> <span class='ocrx_word' id='word_1_106' title='bbox 343 1220 469 1301; x_wconf 87' lang='lat' dir='ltr'>Templa</span> <span class='ocrx_word' id='word_1_107' title='bbox 493 1230 607 1296; x_wconf 88' lang='lat' dir='ltr'>autem,</span> <span class='ocrx_word' id='word_1_108' title='bbox 633 1238 708 1300; x_wconf 90' lang='lat' dir='ltr'>quae</span> <span class='ocrx_word' id='word_1_109' title='bbox 727 1219 899 1280; x_wconf 82' lang='lat' dir='ltr'>dicebantur</span> <span class='ocrx_word' id='word_1_110' title='bbox 924 1227 1077 1302; x_wconf 76' lang='lat' dir='ltr'>martyrum</span> <span class='ocrx_word' id='word_1_111' title='bbox 1102 1220 1188 1279; x_wconf 89' lang='lat' dir='ltr'>sedes</span> <span class='ocrx_word' id='word_1_112' title='bbox 1214 1227 1242 1278; x_wconf 91' lang='lat' dir='ltr'>et</span> <span class='ocrx_word' id='word_1_113' title='bbox 1267 1218 1442 1298; x_wconf 87' lang='lat' dir='ltr'>baptisteria</span> 
     </span>
     <span class='ocr_line' id='line_1_13' title="bbox 223 1299 1442 1390; baseline -0.004 -20"><span class='ocrx_word' id='word_1_114' title='bbox 223 1314 382 1390; x_wconf 82' lang='lat' dir='ltr'>martyrum</span> <span class='ocrx_word' id='word_1_115' title='bbox 401 1305 584 1369; x_wconf 89' lang='lat' dir='ltr'>coemeteriis</span> <span class='ocrx_word' id='word_1_116' title='bbox 603 1307 768 1387; x_wconf 89' lang='lat' dir='ltr'>imponendi</span> <span class='ocrx_word' id='word_1_117' title='bbox 788 1307 861 1367; x_wconf 89' lang='lat' dir='ltr'>ritus</span> <span class='ocrx_word' id='word_1_118' title='bbox 878 1299 978 1388; x_wconf 87' lang='lat' dir='ltr'>procul</span> <span class='ocrx_word' id='word_1_119' title='bbox 996 1307 1084 1368; x_wconf 91' lang='lat' dir='ltr'>dubio</span> <span class='ocrx_word' id='word_1_120' title='bbox 1102 1305 1275 1386; x_wconf 87' lang='lat' dir='ltr'>quibusdam</span> <span class='ocrx_word' id='word_1_121' title='bbox 1291 1304 1442 1384; x_wconf 79' lang='lat' dir='ltr'>iuter-prc-</span> 
     </span>
     <span class='ocr_line' id='line_1_14' title="bbox 225 1391 1472 1472; baseline -0.01 -14"><span class='ocrx_word' id='word_1_122' title='bbox 225 1398 304 1458; x_wconf 90' lang='lat' dir='ltr'>tibus</span> <span class='ocrx_word' id='word_1_123' title='bbox 328 1395 406 1456; x_wconf 86' lang='lat' dir='ltr'>dedit</span> <span class='ocrx_word' id='word_1_124' title='bbox 429 1395 728 1468; x_wconf 73' lang='lat' dir='ltr'>occasionemaerba</span> <span class='ocrx_word' id='word_1_125' title='bbox 745 1392 871 1455; x_wconf 89' lang='lat' dir='ltr'>Paulina</span> <span class='ocrx_word' id='word_1_126' title='bbox 890 1397 906 1456; x_wconf 93' lang='grc'><strong>1</strong></span> <span class='ocrx_word' id='word_1_127' title='bbox 929 1394 997 1457; x_wconf 87' lang='lat' dir='ltr'>Cor.</span> <span class='ocrx_word' id='word_1_128' title='bbox 1017 1393 1065 1469; x_wconf 83' lang='lat'>15,</span> <span class='ocrx_word' id='word_1_129' title='bbox 1083 1394 1134 1454; x_wconf 79' lang='lat'>29.</span> <span class='ocrx_word' id='word_1_130' title='bbox 1161 1392 1326 1472; x_wconf 87' lang='lat' dir='ltr'>explicandi</span> <span class='ocrx_word' id='word_1_131' title='bbox 1346 1391 1444 1452; x_wconf 89' lang='lat' dir='ltr'>inter·</span> <span class='ocrx_word' id='word_1_132' title='bbox 1471 1395 1472 1446; x_wconf 72' lang='grc' dir='ltr'>ἒ</span> 
     </span>
     <span class='ocr_line' id='line_1_15' title="bbox 224 1479 1443 1570; baseline -0.004 -26"><span class='ocrx_word' id='word_1_133' title='bbox 224 1483 428 1566; x_wconf 83' lang='lat' dir='ltr'>pretendique.</span> <span class='ocrx_word' id='word_1_134' title='bbox 452 1481 526 1545; x_wconf 85' lang='lat' dir='ltr'>Cum</span> <span class='ocrx_word' id='word_1_135' title='bbox 544 1481 620 1543; x_wconf 87' lang='lat' dir='ltr'>eninr</span> <span class='ocrx_word' id='word_1_136' title='bbox 636 1481 676 1542; x_wconf 90' lang='lat' dir='ltr'>ibi</span> <span class='ocrx_word' id='word_1_137' title='bbox 692 1481 804 1570; x_wconf 68' lang='lat' dir='ltr'>Bauius</span> <span class='ocrx_word' id='word_1_138' title='bbox 822 1481 956 1562; x_wconf 85' lang='lat' dir='ltr'>baptismi</span> <span class='ocrx_word' id='word_1_139' title='bbox 976 1502 1065 1562; x_wconf 89' lang='lat' dir='ltr'>super</span> <span class='ocrx_word' id='word_1_140' title='bbox 1081 1491 1210 1542; x_wconf 90' lang='lat' dir='ltr'>mortuos</span> <span class='ocrx_word' id='word_1_141' title='bbox 1227 1479 1338 1561; x_wconf 89' lang='lat' dir='ltr'>injiciat</span> <span class='ocrx_word' id='word_1_142' title='bbox 1355 1500 1443 1540; x_wconf 84' lang='lat' dir='ltr'>naeu-</span> 
     </span>
     <span class='ocr_line' id='line_1_16' title="bbox 225 1567 1442 1650; baseline -0.007 -17"><span class='ocrx_word' id='word_1_143' title='bbox 225 1571 333 1633; x_wconf 90' lang='lat' dir='ltr'>tiouem</span> <span class='ocrx_word' id='word_1_144' title='bbox 353 1582 381 1630; x_wconf 90' lang='lat' dir='ltr'>et</span> <span class='ocrx_word' id='word_1_145' title='bbox 397 1573 487 1632; x_wconf 83' lang='lat' dir='ltr'>rerba</span> <span class='ocrx_word' id='word_1_146' title='bbox 503 1591 561 1630; x_wconf 89' lang='lat' dir='ltr'>non</span> <span class='ocrx_word' id='word_1_147' title='bbox 580 1568 636 1630; x_wconf 90' lang='lat' dir='ltr'>levi</span> <span class='ocrx_word' id='word_1_148' title='bbox 653 1567 788 1630; x_wconf 89' lang='lat' dir='ltr'>laborent</span> <span class='ocrx_word' id='word_1_149' title='bbox 806 1568 983 1646; x_wconf 82' lang='lat' dir='ltr'>difficultate,</span> <span class='ocrx_word' id='word_1_150' title='bbox 1001 1568 1107 1650; x_wconf 89' lang='lat' dir='ltr'>optime</span> <span class='ocrx_word' id='word_1_151' title='bbox 1124 1567 1180 1628; x_wconf 90' lang='lat' dir='ltr'>sibi</span> <span class='ocrx_word' id='word_1_152' title='bbox 1199 1567 1354 1628; x_wconf 89' lang='lat' dir='ltr'>consulere</span> <span class='ocrx_word' id='word_1_153' title='bbox 1374 1567 1442 1628; x_wconf 90' lang='lat' dir='ltr'>exi-</span> 
     </span>
     <span class='ocr_line' id='line_1_17' title="bbox 227 1656 1442 1738; baseline 0 -18"><span class='ocrx_word' id='word_1_154' title='bbox 227 1659 383 1720; x_wconf 88' lang='lat' dir='ltr'>stimarunt</span> <span class='ocrx_word' id='word_1_155' title='bbox 405 1657 598 1738; x_wconf 75' lang='lat' dir='ltr'>interpretes,</span> <span class='ocrx_word' id='word_1_156' title='bbox 626 1656 651 1717; x_wconf 91' lang='lat' dir='ltr'>si</span> <span class='ocrx_word' id='word_1_157' title='bbox 676 1659 713 1718; x_wconf 92' lang='lat' dir='ltr'>ad</span> <span class='ocrx_word' id='word_1_158' title='bbox 736 1658 811 1718; x_wconf 91' lang='lat' dir='ltr'>banc</span> <span class='ocrx_word' id='word_1_159' title='bbox 831 1667 957 1719; x_wconf 88' lang='lat' dir='ltr'>veterum</span> <span class='ocrx_word' id='word_1_160' title='bbox 976 1656 1216 1718; x_wconf 88' lang='lat' dir='ltr'>consuetudinem</span> <span class='ocrx_word' id='word_1_161' title='bbox 1236 1665 1442 1736; x_wconf 81' lang='lat' dir='ltr'>provocarent.</span> 
     </span>
     <span class='ocr_line' id='line_1_18' title="bbox 225 1739 1472 1826; baseline -0.005 -16"><span class='ocrx_word' id='word_1_162' title='bbox 225 1747 292 1810; x_wconf 85' lang='lat' dir='ltr'>Noa</span> <span class='ocrx_word' id='word_1_163' title='bbox 308 1745 368 1826; x_wconf 87' lang='lat' dir='ltr'>jam</span> <span class='ocrx_word' id='word_1_164' title='bbox 385 1744 415 1804; x_wconf 91' lang='lat' dir='ltr'>in</span> <span class='ocrx_word' id='word_1_165' title='bbox 434 1742 639 1808; x_wconf 86' lang='lat' dir='ltr'>cnunreraudis</span> <span class='ocrx_word' id='word_1_166' title='bbox 656 1745 759 1806; x_wconf 91' lang='lat' dir='ltr'>horum</span> <span class='ocrx_word' id='word_1_167' title='bbox 776 1745 964 1824; x_wconf 85' lang='lat' dir='ltr'>interpretum</span> <span class='ocrx_word' id='word_1_168' title='bbox 982 1743 1147 1805; x_wconf 89' lang='lat' dir='ltr'>nominibus</span> <span class='ocrx_word' id='word_1_169' title='bbox 1167 1743 1273 1824; x_wconf 88' lang='lat' dir='ltr'>multus</span> <span class='ocrx_word' id='word_1_170' title='bbox 1291 1763 1360 1820; x_wconf 85' lang='lat' dir='ltr'>ero,</span> <span class='ocrx_word' id='word_1_171' title='bbox 1388 1746 1443 1804; x_wconf 87' lang='lat' dir='ltr'>scd</span> <span class='ocrx_word' id='word_1_172' title='bbox 1471 1739 1472 1776; x_wconf 70' lang='lat'>³</span> 
     </span>
     <span class='ocr_line' id='line_1_19' title="bbox 225 1829 1445 1913; baseline 0 -19"><span class='ocrx_word' id='word_1_173' title='bbox 225 1829 447 1913; x_wconf 75' lang='lat' dir='ltr'>Lutberuru*),</span> <span class='ocrx_word' id='word_1_174' title='bbox 479 1831 663 1894; x_wconf 88' lang='lat' dir='ltr'>Gerbardurn</span> <span class='ocrx_word' id='word_1_175' title='bbox 695 1843 722 1894; x_wconf 94' lang='lat' dir='ltr'>et</span> <span class='ocrx_word' id='word_1_176' title='bbox 746 1833 911 1911; x_wconf 82' lang='lat' dir='ltr'>Litargiam</span> <span class='ocrx_word' id='word_1_177' title='bbox 937 1831 1078 1894; x_wconf 86' lang='lat' dir='ltr'>Frideriei</span> <span class='ocrx_word' id='word_1_178' title='bbox 1109 1831 1276 1892; x_wconf 85' lang='lat' dir='ltr'>nominasse</span> <span class='ocrx_word' id='word_1_179' title='bbox 1301 1829 1445 1895; x_wconf 80' lang='lat' dir='ltr'>sufficiat.</span> 
     </span>
     <span class='ocr_line' id='line_1_20' title="bbox 225 1917 1442 2002; baseline -0.004 -19"><span class='ocrx_word' id='word_1_180' title='bbox 225 1919 396 1983; x_wconf 88' lang='lat' dir='ltr'>Gerhardus</span> <span class='ocrx_word' id='word_1_181' title='bbox 409 1918 452 1996; x_wconf 78' lang='lat'>**)</span> <span class='ocrx_word' id='word_1_182' title='bbox 479 1919 554 1980; x_wconf 87' lang='lat' dir='ltr'>enim</span> <span class='ocrx_word' id='word_1_183' title='bbox 579 1919 669 1980; x_wconf 87' lang='lat' dir='ltr'>dicit:</span> <span class='ocrx_word' id='word_1_184' title='bbox 694 1919 894 1999; x_wconf 80' lang='lat' dir='ltr'>amplectimur</span> <span class='ocrx_word' id='word_1_185' title='bbox 916 1919 1162 2002; x_wconf 89' lang='lat' dir='ltr'>simplicissimam</span> <span class='ocrx_word' id='word_1_186' title='bbox 1179 1917 1258 1978; x_wconf 86' lang='lat' dir='ltr'>illam</span> <span class='ocrx_word' id='word_1_187' title='bbox 1275 1919 1442 1998; x_wconf 87' lang='lat' dir='ltr'>expositio-</span> 
     </span>
     <span class='ocr_line' id='line_1_21' title="bbox 224 2003 1472 2088; baseline 0 -20"><span class='ocrx_word' id='word_1_188' title='bbox 224 2027 291 2068; x_wconf 87' lang='lat' dir='ltr'>nem</span> <span class='ocrx_word' id='word_1_189' title='bbox 303 2007 339 2065; x_wconf 90' lang='lat' dir='ltr'>de</span> <span class='ocrx_word' id='word_1_190' title='bbox 351 2005 409 2066; x_wconf 90' lang='lat' dir='ltr'>ritu</span> <span class='ocrx_word' id='word_1_191' title='bbox 421 2003 586 2085; x_wconf 88' lang='lat' dir='ltr'>baptizandi</span> <span class='ocrx_word' id='word_1_192' title='bbox 597 2003 779 2066; x_wconf 86' lang='lat' dir='ltr'>Christianos</span> <span class='ocrx_word' id='word_1_193' title='bbox 792 2009 829 2066; x_wconf 92' lang='lat' dir='ltr'>ad</span> <span class='ocrx_word' id='word_1_194' title='bbox 840 2003 978 2088; x_wconf 87' lang='lat' dir='ltr'>sepulcra</span> <span class='ocrx_word' id='word_1_195' title='bbox 991 2009 1176 2068; x_wconf 90' lang='lat' dir='ltr'>mortuorum.</span> <span class='ocrx_word' id='word_1_196' title='bbox 1195 2005 1356 2066; x_wconf 88' lang='lat' dir='ltr'>Hicautem</span> <span class='ocrx_word' id='word_1_197' title='bbox 1366 2008 1442 2082; x_wconf 74' lang='lat'>***):</span> <span class='ocrx_word' id='word_1_198' title='bbox 1471 2071 1472 2084; x_wconf 55' lang='lat'>,</span> 
     </span>
     <span class='ocr_line' id='line_1_22' title="bbox 225 2087 1472 2174; baseline 0 -20"><span class='ocrx_word' id='word_1_199' title='bbox 225 2090 424 2174; x_wconf 88' lang='lat' dir='ltr'>apostolorum</span> <span class='ocrx_word' id='word_1_200' title='bbox 442 2099 547 2169; x_wconf 86' lang='lat' dir='ltr'>aetate,</span> <span class='ocrx_word' id='word_1_201' title='bbox 564 2091 668 2173; x_wconf 89' lang='lat' dir='ltr'>inquit,</span> <span class='ocrx_word' id='word_1_202' title='bbox 684 2112 774 2174; x_wconf 89' lang='lat' dir='ltr'>supra</span> <span class='ocrx_word' id='word_1_203' title='bbox 792 2091 929 2172; x_wconf 90' lang='lat' dir='ltr'>sepulcra</span> <span class='ocrx_word' id='word_1_204' title='bbox 944 2105 1100 2174; x_wconf 82' lang='lat' dir='ltr'>martyrum</span> <span class='ocrx_word' id='word_1_205' title='bbox 1120 2095 1295 2174; x_wconf 86' lang='lat' dir='ltr'>baptismum</span> <span class='ocrx_word' id='word_1_206' title='bbox 1313 2092 1444 2164; x_wconf 84' lang='lat' dir='ltr'>admiui-</span> <span class='ocrx_word' id='word_1_207' title='bbox 1471 2087 1472 2168; x_wconf 80' lang='lat' dir='ltr'>l</span> 
     </span>
     <span class='ocr_line' id='line_1_23' title="bbox 225 2173 1472 2264; baseline -0.005 -22"><span class='ocrx_word' id='word_1_208' title='bbox 225 2179 374 2250; x_wconf 75' lang='lat' dir='ltr'>struebant,</span> <span class='ocrx_word' id='word_1_209' title='bbox 401 2181 476 2258; x_wconf 83' lang='lat' dir='ltr'>quud</span> <span class='ocrx_word' id='word_1_210' title='bbox 494 2176 608 2242; x_wconf 91' lang='lat' dir='ltr'>Paulus</span> <span class='ocrx_word' id='word_1_211' title='bbox 629 2181 643 2240; x_wconf 92' lang='lat' dir='ltr'>l</span> <span class='ocrx_word' id='word_1_212' title='bbox 664 2177 732 2244; x_wconf 88' lang='lat' dir='ltr'>Cur.</span> <span class='ocrx_word' id='word_1_213' title='bbox 752 2177 802 2258; x_wconf 82' lang='lat'>15,</span> <span class='ocrx_word' id='word_1_214' title='bbox 821 2183 871 2242; x_wconf 83' lang='lat'>29.</span> <span class='ocrx_word' id='word_1_215' title='bbox 891 2182 1076 2245; x_wconf 88' lang='lat' dir='ltr'>commonuit.</span> <span class='ocrx_word' id='word_1_216' title='bbox 1112 2214 1152 2228; x_wconf 89' lang='lat'>--</span> <span class='ocrx_word' id='word_1_217' title='bbox 1185 2181 1261 2264; x_wconf 73' lang='lat' dir='ltr'>§.a</span> <span class='ocrx_word' id='word_1_218' title='bbox 1295 2179 1443 2256; x_wconf 77' lang='lat' dir='ltr'>Quamuis</span> <span class='ocrx_word' id='word_1_219' title='bbox 1471 2173 1472 2236; x_wconf 65' lang='grc' dir='ltr'>Ξ</span> 
     </span>
     <span class='ocr_line' id='line_1_24' title="bbox 226 2265 1472 2354; baseline -0.002 -24"><span class='ocrx_word' id='word_1_220' title='bbox 226 2278 323 2330; x_wconf 89' lang='lat' dir='ltr'>autem</span> <span class='ocrx_word' id='word_1_221' title='bbox 339 2265 454 2326; x_wconf 85' lang='lat' dir='ltr'>inficias</span> <span class='ocrx_word' id='word_1_222' title='bbox 472 2265 590 2328; x_wconf 89' lang='lat' dir='ltr'>irenen</span> <span class='ocrx_word' id='word_1_223' title='bbox 607 2265 727 2347; x_wconf 91' lang='lat' dir='ltr'>possim,</span> <span class='ocrx_word' id='word_1_224' title='bbox 751 2269 828 2348; x_wconf 84' lang='lat' dir='ltr'>qaod</span> <span class='ocrx_word' id='word_1_225' title='bbox 843 2267 917 2330; x_wconf 90' lang='lat' dir='ltr'>haec</span> <span class='ocrx_word' id='word_1_226' title='bbox 933 2269 1055 2330; x_wconf 89' lang='lat' dir='ltr'>Lutberi</span> <span class='ocrx_word' id='word_1_227' title='bbox 1073 2267 1216 2348; x_wconf 84' lang='lat' dir='ltr'>expositio</span> <span class='ocrx_word' id='word_1_228' title='bbox 1232 2265 1357 2348; x_wconf 86' lang='lat' dir='ltr'>reliquis</span> <span class='ocrx_word' id='word_1_229' title='bbox 1377 2289 1443 2328; x_wconf 92' lang='lat' dir='ltr'>om·</span> <span class='ocrx_word' id='word_1_230' title='bbox 1471 2307 1472 2354; x_wconf 65' lang='lat' dir='ltr'>p</span> 
     </span>
     <span class='ocr_line' id='line_1_25' title="bbox 225 2343 1444 2438; baseline -0.003 -21"><span class='ocrx_word' id='word_1_231' title='bbox 225 2354 325 2428; x_wconf 88' lang='lat' dir='ltr'>nibus,</span> <span class='ocrx_word' id='word_1_232' title='bbox 351 2374 425 2433; x_wconf 85' lang='lat' dir='ltr'>quae</span> <span class='ocrx_word' id='word_1_233' title='bbox 443 2353 544 2435; x_wconf 89' lang='lat' dir='ltr'>partim</span> <span class='ocrx_word' id='word_1_234' title='bbox 561 2375 614 2434; x_wconf 90' lang='lat' dir='ltr'>per</span> <span class='ocrx_word' id='word_1_235' title='bbox 632 2355 806 2434; x_wconf 66' lang='lat' dir='ltr'>baptismu-</span> <span class='ocrx_word' id='word_1_236' title='bbox 825 2355 1016 2434; x_wconf 88' lang='lat' dir='ltr'>calamitates,</span> <span class='ocrx_word' id='word_1_237' title='bbox 1035 2355 1138 2438; x_wconf 90' lang='lat' dir='ltr'>partim</span> <span class='ocrx_word' id='word_1_238' title='bbox 1155 2375 1207 2436; x_wconf 90' lang='lat' dir='ltr'>per</span> <span class='ocrx_word' id='word_1_239' title='bbox 1222 2343 1297 2426; x_wconf 78' lang='grc' dir='ltr'><em>τοὺς</em></span> <span class='ocrx_word' id='word_1_240' title='bbox 1312 2346 1444 2432; x_wconf 81' lang='grc' dir='ltr'><strong><em>νεκροὺς</em></strong></span> 
     </span>
     <span class='ocr_line' id='line_1_26' title="bbox 226 2441 1472 2526; baseline -0.001 -21"><span class='ocrx_word' id='word_1_241' title='bbox 226 2463 293 2505; x_wconf 91' lang='lat' dir='ltr'>cum</span> <span class='ocrx_word' id='word_1_242' title='bbox 311 2441 527 2503; x_wconf 90' lang='lat' dir='ltr'>Scburmaunia</span> <span class='ocrx_word' id='word_1_243' title='bbox 544 2441 591 2516; x_wconf 90' lang='lat' dir='ltr'>(in</span> <span class='ocrx_word' id='word_1_244' title='bbox 608 2461 707 2522; x_wconf 89' lang='lat' dir='ltr'>opusc.</span> <span class='ocrx_word' id='word_1_245' title='bbox 724 2463 753 2521; x_wconf 94' lang='lat' dir='ltr'>p.</span> <span class='ocrx_word' id='word_1_246' title='bbox 770 2443 836 2520; x_wconf 83' lang='lat'>97.)</span> <span class='ocrx_word' id='word_1_247' title='bbox 853 2441 969 2520; x_wconf 89' lang='lat' dir='ltr'>fideles,</span> <span class='ocrx_word' id='word_1_248' title='bbox 992 2444 1096 2526; x_wconf 89' lang='lat' dir='ltr'>partim</span> <span class='ocrx_word' id='word_1_249' title='bbox 1115 2442 1315 2506; x_wconf 87' lang='lat' dir='ltr'>eumOleario</span> <span class='ocrx_word' id='word_1_250' title='bbox 1334 2451 1361 2504; x_wconf 86' lang='lat' dir='ltr'>et</span> <span class='ocrx_word' id='word_1_251' title='bbox 1381 2443 1444 2504; x_wconf 85' lang='lat' dir='ltr'>Fa·</span> <span class='ocrx_word' id='word_1_252' title='bbox 1471 2481 1472 2514; x_wconf 61' lang='lat'>2</span> 
     </span>
     <span class='ocr_line' id='line_1_27' title="bbox 225 2527 1472 2612; baseline 0 -21"><span class='ocrx_word' id='word_1_253' title='bbox 225 2529 319 2592; x_wconf 88' lang='lat' dir='ltr'>bricio</span> <span class='ocrx_word' id='word_1_254' title='bbox 338 2528 486 2589; x_wconf 84' lang='lat' dir='ltr'>Christum</span> <span class='ocrx_word' id='word_1_255' title='bbox 504 2527 611 2608; x_wconf 89' lang='lat' dir='ltr'>ipsum,</span> <span class='ocrx_word' id='word_1_256' title='bbox 632 2528 822 2608; x_wconf 81' lang='lat' dir='ltr'>singulariter</span> <span class='ocrx_word' id='word_1_257' title='bbox 840 2541 991 2608; x_wconf 88' lang='lat' dir='ltr'>mertuum,</span> <span class='ocrx_word' id='word_1_258' title='bbox 1015 2530 1194 2612; x_wconf 81' lang='lat' dir='ltr'>intelligunt,</span> <span class='ocrx_word' id='word_1_259' title='bbox 1213 2529 1337 2611; x_wconf 91' lang='lat' dir='ltr'>palmam</span> <span class='ocrx_word' id='word_1_260' title='bbox 1353 2527 1445 2591; x_wconf 85' lang='lat' dir='ltr'>facile</span> <span class='ocrx_word' id='word_1_261' title='bbox 1471 2529 1472 2562; x_wconf 67' lang='lat'><em>³</em></span> 
     </span>
     <span class='ocr_line' id='line_1_28' title="bbox 229 2610 1443 2699; baseline 0.003 -25"><span class='ocrx_word' id='word_1_262' title='bbox 229 2610 405 2696; x_wconf 82' lang='lat' dir='ltr'>praeripiat:</span> <span class='ocrx_word' id='word_1_263' title='bbox 430 2617 595 2694; x_wconf 80' lang='lat' dir='ltr'>negandum</span> <span class='ocrx_word' id='word_1_264' title='bbox 613 2626 782 2676; x_wconf 89' lang='lat' dir='ltr'>tamennon</span> <span class='ocrx_word' id='word_1_265' title='bbox 801 2627 861 2694; x_wconf 90' lang='lat' dir='ltr'>est,</span> <span class='ocrx_word' id='word_1_266' title='bbox 887 2622 963 2699; x_wconf 87' lang='lat' dir='ltr'>quod</span> <span class='ocrx_word' id='word_1_267' title='bbox 983 2619 1068 2680; x_wconf 89' lang='lat' dir='ltr'>etiarn</span> <span class='ocrx_word' id='word_1_268' title='bbox 1092 2620 1167 2680; x_wconf 90' lang='lat' dir='ltr'>banc</span> <span class='ocrx_word' id='word_1_269' title='bbox 1183 2617 1304 2678; x_wconf 89' lang='lat' dir='ltr'>Lutberi</span> <span class='ocrx_word' id='word_1_270' title='bbox 1323 2625 1443 2678; x_wconf 86' lang='lat' dir='ltr'>cetere·</span> 
     </span>
     <span class='ocr_line' id='line_1_29' title="bbox 225 2699 1472 2782; baseline 0.003 -20"><span class='ocrx_word' id='word_1_271' title='bbox 225 2721 349 2782; x_wconf 87' lang='lat' dir='ltr'>rumque</span> <span class='ocrx_word' id='word_1_272' title='bbox 367 2701 575 2781; x_wconf 84' lang='lat' dir='ltr'>expositionem</span> <span class='ocrx_word' id='word_1_273' title='bbox 593 2704 682 2764; x_wconf 91' lang='lat' dir='ltr'>dubia</span> <span class='ocrx_word' id='word_1_274' title='bbox 697 2707 804 2766; x_wconf 84' lang='lat' dir='ltr'>vexent</span> <span class='ocrx_word' id='word_1_275' title='bbox 820 2727 876 2766; x_wconf 90' lang='lat' dir='ltr'>non</span> <span class='ocrx_word' id='word_1_276' title='bbox 894 2705 1066 2770; x_wconf 80' lang='lat' dir='ltr'>levidensis.</span> <span class='ocrx_word' id='word_1_277' title='bbox 1100 2707 1166 2768; x_wconf 89' lang='lat' dir='ltr'>Nun</span> <span class='ocrx_word' id='word_1_278' title='bbox 1185 2705 1260 2766; x_wconf 91' lang='lat' dir='ltr'>euim</span> <span class='ocrx_word' id='word_1_279' title='bbox 1284 2705 1312 2780; x_wconf 88' lang='grc'>1)</span> <span class='ocrx_word' id='word_1_280' title='bbox 1331 2723 1443 2766; x_wconf 87' lang='lat' dir='ltr'>conve·</span> <span class='ocrx_word' id='word_1_281' title='bbox 1471 2699 1472 2702; x_wconf 28' lang='lat'>¹</span> 
     </span>
     <span class='ocr_line' id='line_1_30' title="bbox 137 2779 1445 2876; baseline 0.001 -26"><span class='ocrx_word' id='word_1_282' title='bbox 137 2807 141 2810; x_wconf 88' lang='grc'><em>·</em></span> <span class='ocrx_word' id='word_1_283' title='bbox 226 2789 291 2850; x_wconf 90' lang='lat' dir='ltr'>nire</span> <span class='ocrx_word' id='word_1_284' title='bbox 309 2787 379 2850; x_wconf 89' lang='lat' dir='ltr'>milri</span> <span class='ocrx_word' id='word_1_285' title='bbox 395 2787 509 2850; x_wconf 83' lang='lat' dir='ltr'>uidetur</span> <span class='ocrx_word' id='word_1_286' title='bbox 524 2787 589 2851; x_wconf 84' lang='lat' dir='ltr'>cum</span> <span class='ocrx_word' id='word_1_287' title='bbox 607 2779 675 2851; x_wconf 89' lang='lat' dir='ltr'>stilo</span> <span class='ocrx_word' id='word_1_288' title='bbox 692 2791 817 2872; x_wconf 90' lang='lat' dir='ltr'>apostoli</span> <span class='ocrx_word' id='word_1_289' title='bbox 833 2794 905 2855; x_wconf 86' lang='lat' dir='ltr'>haec</span> <span class='ocrx_word' id='word_1_290' title='bbox 922 2793 1074 2876; x_wconf 85' lang='lat' dir='ltr'>expositio.</span> <span class='ocrx_word' id='word_1_291' title='bbox 1106 2783 1358 2874; x_wconf 61' lang='lat' dir='ltr'>Apostolus&#39;enim</span> <span class='ocrx_word' id='word_1_292' title='bbox 1376 2794 1406 2855; x_wconf 92' lang='lat' dir='ltr'>b.</span> <span class='ocrx_word' id='word_1_293' title='bbox 1423 2793 1445 2854; x_wconf 91' lang='lat' dir='ltr'>l.</span> 
     </span>
     <span class='ocr_line' id='line_1_31' title="bbox 225 2873 1472 2964; baseline 0.003 -28"><span class='ocrx_word' id='word_1_294' title='bbox 225 2877 404 2958; x_wconf 90' lang='lat' dir='ltr'>probaturos</span> <span class='ocrx_word' id='word_1_295' title='bbox 423 2877 667 2940; x_wconf 87' lang='lat' dir='ltr'>resurrectionem</span> <span class='ocrx_word' id='word_1_296' title='bbox 686 2890 864 2942; x_wconf 90' lang='lat' dir='ltr'>mortuorum</span> <span class='ocrx_word' id='word_1_297' title='bbox 887 2903 945 2942; x_wconf 79' lang='grc' dir='ltr'>κατ</span> <span class='ocrx_word' id='word_1_298' title='bbox 969 2873 1142 2962; x_wconf 70' lang='grc' dir='ltr'>ἄνθρωπον</span> <span class='ocrx_word' id='word_1_299' title='bbox 1158 2881 1308 2961; x_wconf 88' lang='lat' dir='ltr'>disputare</span> <span class='ocrx_word' id='word_1_300' title='bbox 1327 2880 1445 2942; x_wconf 84' lang='lat' dir='ltr'>videtur</span> <span class='ocrx_word' id='word_1_301' title='bbox 1471 2903 1472 2964; x_wconf 64' lang='lat' dir='ltr'>p</span> 
     </span>
     <span class='ocr_line' id='line_1_32' title="bbox 227 2965 1472 3048; baseline 0 -21"><span class='ocrx_word' id='word_1_302' title='bbox 227 2975 256 3027; x_wconf 84' lang='lat' dir='ltr'>ct</span> <span class='ocrx_word' id='word_1_303' title='bbox 280 2985 317 3026; x_wconf 89' lang='lat' dir='ltr'>ex</span> <span class='ocrx_word' id='word_1_304' title='bbox 342 2965 575 3026; x_wconf 85' lang='lat' dir='ltr'>adversariorum</span> <span class='ocrx_word' id='word_1_305' title='bbox 601 2967 754 3047; x_wconf 87' lang='lat' dir='ltr'>principiis</span> <span class='ocrx_word' id='word_1_306' title='bbox 775 2967 858 3048; x_wconf 89' lang='lat' dir='ltr'>ipsos</span> <span class='ocrx_word' id='word_1_307' title='bbox 883 2971 918 3029; x_wconf 89' lang='lat' dir='ltr'>de</span> <span class='ocrx_word' id='word_1_308' title='bbox 937 2969 1056 3031; x_wconf 85' lang='lat' dir='ltr'>veritate</span> <span class='ocrx_word' id='word_1_309' title='bbox 1075 2968 1301 3030; x_wconf 88' lang='lat' dir='ltr'>resurrectionis</span> <span class='ocrx_word' id='word_1_310' title='bbox 1318 2969 1445 3030; x_wconf 87' lang='lat' dir='ltr'>conrin-</span> <span class='ocrx_word' id='word_1_311' title='bbox 1471 3011 1472 3040; x_wconf 77' lang='lat'>,</span> 
     </span>
    </p>
   </div>
   <div class='ocr_carea' id='block_1_3' title="bbox 73 3049 1445 3140">
    <p class='ocr_par' dir='ltr' id='par_1_3' title="bbox 73 3049 1445 3140">
     <span class='ocr_line' id='line_1_33' title="bbox 73 3049 1445 3140; baseline 0.001 -26"><span class='ocrx_word' id='word_1_312' title='bbox 73 3113 85 3140; x_wconf 47' lang='grc' dir='ltr'><em>Ι</em></span> <span class='ocrx_word' id='word_1_313' title='bbox 118 3104 121 3110; x_wconf 77' lang='grc'><em>,</em></span> <span class='ocrx_word' id='word_1_314' title='bbox 226 3073 294 3114; x_wconf 82' lang='lat' dir='ltr'>cere</span> <span class='ocrx_word' id='word_1_315' title='bbox 318 3051 471 3114; x_wconf 87' lang='lat' dir='ltr'>allaborat.</span> <span class='ocrx_word' id='word_1_316' title='bbox 509 3049 826 3133; x_wconf 69' lang='lat' dir='ltr'>2)Repug&#39;uareueibi</span> <span class='ocrx_word' id='word_1_317' title='bbox 850 3056 983 3117; x_wconf 84' lang='lat' dir='ltr'>ridentur</span> <span class='ocrx_word' id='word_1_318' title='bbox 1007 3073 1106 3116; x_wconf 83' lang='lat' dir='ltr'>corana</span> <span class='ocrx_word' id='word_1_319' title='bbox 1131 3065 1290 3137; x_wconf 86' lang='lat' dir='ltr'>temporum</span> <span class='ocrx_word' id='word_1_320' title='bbox 1312 3056 1445 3116; x_wconf 90' lang='lat' dir='ltr'>circum-</span> 
     </span>
    </p>
   </div>
   <div class='ocr_carea' id='block_1_4' title="bbox 138 3129 1472 4015">
    <p class='ocr_par' dir='ltr' id='par_1_4' title="bbox 138 3129 1472 4015">
     <span class='ocr_line' id='line_1_34' title="bbox 226 3129 1444 3224; baseline 0.002 -22"><span class='ocrx_word' id='word_1_321' title='bbox 226 3137 362 3202; x_wconf 86' lang='lat' dir='ltr'>stantiae.</span> <span class='ocrx_word' id='word_1_322' title='bbox 402 3139 468 3200; x_wconf 89' lang='lat' dir='ltr'>Nou</span> <span class='ocrx_word' id='word_1_323' title='bbox 486 3139 562 3199; x_wconf 88' lang='lat' dir='ltr'>eaiur</span> <span class='ocrx_word' id='word_1_324' title='bbox 578 3140 616 3200; x_wconf 90' lang='lat' dir='ltr'>iis</span> <span class='ocrx_word' id='word_1_325' title='bbox 634 3141 813 3222; x_wconf 81' lang='lat' dir='ltr'>temporibus</span> <span class='ocrx_word' id='word_1_326' title='bbox 829 3143 949 3223; x_wconf 91' lang='lat' dir='ltr'>publica</span> <span class='ocrx_word' id='word_1_327' title='bbox 966 3129 1197 3206; x_wconf 66' lang='lat' dir='ltr'>Christianorum</span> <span class='ocrx_word' id='word_1_328' title='bbox 1215 3151 1278 3206; x_wconf 89' lang='lat' dir='ltr'>erat</span> <span class='ocrx_word' id='word_1_329' title='bbox 1294 3143 1444 3224; x_wconf 74' lang='lat' dir='ltr'>persecu·</span> 
     </span>
     <span class='ocr_line' id='line_1_35' title="bbox 227 3219 1444 3314; baseline 0.002 -26"><span class='ocrx_word' id='word_1_330' title='bbox 227 3227 278 3302; x_wconf 88' lang='lat' dir='ltr'>tio,</span> <span class='ocrx_word' id='word_1_331' title='bbox 296 3236 328 3286; x_wconf 87' lang='lat' dir='ltr'>ut</span> <span class='ocrx_word' id='word_1_332' title='bbox 343 3225 438 3286; x_wconf 88' lang='lat' dir='ltr'>sacris</span> <span class='ocrx_word' id='word_1_333' title='bbox 457 3245 560 3288; x_wconf 85' lang='lat' dir='ltr'>vacare</span> <span class='ocrx_word' id='word_1_334' title='bbox 576 3239 816 3310; x_wconf 86' lang='lat' dir='ltr'>sacramentaque</span> <span class='ocrx_word' id='word_1_335' title='bbox 833 3230 1036 3292; x_wconf 86' lang='lat' dir='ltr'>administrare</span> <span class='ocrx_word' id='word_1_336' title='bbox 1051 3252 1109 3291; x_wconf 92' lang='lat' dir='ltr'>uon</span> <span class='ocrx_word' id='word_1_337' title='bbox 1126 3231 1280 3312; x_wconf 88' lang='lat' dir='ltr'>potuerint,</span> <span class='ocrx_word' id='word_1_338' title='bbox 1298 3219 1367 3314; x_wconf 81' lang='lat' dir='ltr'>quiin</span> <span class='ocrx_word' id='word_1_339' title='bbox 1387 3254 1444 3312; x_wconf 93' lang='lat' dir='ltr'>po-</span> 
     </span>
     <span class='ocr_line' id='line_1_36' title="bbox 227 3309 1472 3400; baseline 0.005 -26"><span class='ocrx_word' id='word_1_340' title='bbox 227 3313 287 3374; x_wconf 91' lang='lat' dir='ltr'>tius</span> <span class='ocrx_word' id='word_1_341' title='bbox 304 3309 431 3392; x_wconf 91' lang='lat' dir='ltr'>apostoli</span> <span class='ocrx_word' id='word_1_342' title='bbox 449 3311 557 3393; x_wconf 83' lang='lat' dir='ltr'>ubique</span> <span class='ocrx_word' id='word_1_343' title='bbox 574 3313 703 3376; x_wconf 90' lang='lat' dir='ltr'>locorum</span> <span class='ocrx_word' id='word_1_344' title='bbox 722 3317 941 3397; x_wconf 86' lang='lat' dir='ltr'>baptizaverint.</span> <span class='ocrx_word' id='word_1_345' title='bbox 979 3319 1016 3380; x_wconf 89' lang='lat' dir='ltr'>Et</span> <span class='ocrx_word' id='word_1_346' title='bbox 1041 3321 1235 3380; x_wconf 87' lang='lat' dir='ltr'>concedamus</span> <span class='ocrx_word' id='word_1_347' title='bbox 1254 3319 1338 3395; x_wconf 90' lang='lat' dir='ltr'>licet,</span> <span class='ocrx_word' id='word_1_348' title='bbox 1363 3323 1443 3400; x_wconf 90' lang='lat' dir='ltr'>quod</span> <span class='ocrx_word' id='word_1_349' title='bbox 1471 3345 1472 3392; x_wconf 82' lang='lat' dir='ltr'>l</span> 
     </span>
     <span class='ocr_line' id='line_1_37' title="bbox 226 3399 1442 3484; baseline 0.004 -23"><span class='ocrx_word' id='word_1_350' title='bbox 226 3401 300 3461; x_wconf 89' lang='lat' dir='ltr'>baec</span> <span class='ocrx_word' id='word_1_351' title='bbox 316 3399 454 3480; x_wconf 89' lang='lat' dir='ltr'>baptismi</span> <span class='ocrx_word' id='word_1_352' title='bbox 478 3400 690 3464; x_wconf 88' lang='lat' dir='ltr'>administratio</span> <span class='ocrx_word' id='word_1_353' title='bbox 708 3403 884 3466; x_wconf 78' lang='lat' dir='ltr'>Christianis</span> <span class='ocrx_word' id='word_1_354' title='bbox 908 3405 996 3466; x_wconf 81' lang='lat' dir='ltr'>luerit</span> <span class='ocrx_word' id='word_1_355' title='bbox 1020 3404 1190 3484; x_wconf 87' lang='lat' dir='ltr'>interdicta,</span> <span class='ocrx_word' id='word_1_356' title='bbox 1213 3427 1271 3467; x_wconf 91' lang='lat' dir='ltr'>nou</span> <span class='ocrx_word' id='word_1_357' title='bbox 1297 3407 1442 3468; x_wconf 89' lang='lat' dir='ltr'>tamenin</span> 
     </span>
     <span class='ocr_line' id='line_1_38' title="bbox 229 3486 1472 3575; baseline 0.006 -27"><span class='ocrx_word' id='word_1_358' title='bbox 229 3486 412 3548; x_wconf 87' lang='lat' dir='ltr'>coemeteriis</span> <span class='ocrx_word' id='word_1_359' title='bbox 429 3499 602 3569; x_wconf 80' lang='lat' dir='ltr'>martyrum,</span> <span class='ocrx_word' id='word_1_360' title='bbox 628 3491 704 3570; x_wconf 88' lang='lat' dir='ltr'>quod</span> <span class='ocrx_word' id='word_1_361' title='bbox 721 3493 880 3554; x_wconf 87' lang='lat' dir='ltr'>adversarii</span> <span class='ocrx_word' id='word_1_362' title='bbox 905 3513 1052 3574; x_wconf 84' lang='lat' dir='ltr'>nunquam</span> <span class='ocrx_word' id='word_1_363' title='bbox 1069 3495 1250 3572; x_wconf 88' lang='lat' dir='ltr'>probabunt,</span> <span class='ocrx_word' id='word_1_364' title='bbox 1273 3498 1325 3556; x_wconf 90' lang='lat' dir='ltr'>sed</span> <span class='ocrx_word' id='word_1_365' title='bbox 1344 3494 1443 3575; x_wconf 92' lang='lat' dir='ltr'>petius</span> <span class='ocrx_word' id='word_1_366' title='bbox 1471 3509 1472 3536; x_wconf 62' lang='lat' dir='ltr'>l</span> 
     </span>
     <span class='ocr_line' id='line_1_39' title="bbox 167 3573 1444 3663; baseline 0.005 -26"><span class='ocrx_word' id='word_1_367' title='bbox 167 3634 173 3651; x_wconf 72' lang='lat'>,</span> <span class='ocrx_word' id='word_1_368' title='bbox 226 3573 448 3652; x_wconf 88' lang='lat' dir='ltr'>indumiuibus,</span> <span class='ocrx_word' id='word_1_369' title='bbox 465 3575 579 3638; x_wconf 87' lang='lat' dir='ltr'>balneis</span> <span class='ocrx_word' id='word_1_370' title='bbox 596 3585 683 3657; x_wconf 82' lang='lat' dir='ltr'>atque</span> <span class='ocrx_word' id='word_1_371' title='bbox 701 3577 819 3641; x_wconf 87' lang='lat' dir='ltr'>thermis</span> <span class='ocrx_word' id='word_1_372' title='bbox 836 3580 1011 3660; x_wconf 89' lang='lat' dir='ltr'>baptismum</span> <span class='ocrx_word' id='word_1_373' title='bbox 1029 3579 1227 3644; x_wconf 87' lang='lat' dir='ltr'>celebrabant.</span> <span class='ocrx_word' id='word_1_374' title='bbox 1247 3581 1324 3644; x_wconf 88' lang='lat' dir='ltr'>Nihil</span> <span class='ocrx_word' id='word_1_375' title='bbox 1343 3583 1444 3663; x_wconf 85' lang='lat' dir='ltr'>itaque</span> 
     </span>
     <span class='ocr_line' id='line_1_40' title="bbox 228 3663 1444 3762; baseline 0.004 -36"><span class='ocrx_word' id='word_1_376' title='bbox 228 3667 294 3726; x_wconf 83' lang='lat' dir='ltr'>cu&#39;m</span> <span class='ocrx_word' id='word_1_377' title='bbox 310 3663 398 3744; x_wconf 86' lang='lat' dir='ltr'>bajus</span> <span class='ocrx_word' id='word_1_378' title='bbox 414 3663 575 3726; x_wconf 87' lang='lat' dir='ltr'>sententiae</span> <span class='ocrx_word' id='word_1_379' title='bbox 592 3664 797 3728; x_wconf 78' lang='lat' dir='ltr'>defensoribus</span> <span class='ocrx_word' id='word_1_380' title='bbox 813 3677 902 3730; x_wconf 89' lang='lat' dir='ltr'>restet</span> <span class='ocrx_word' id='word_1_381' title='bbox 918 3667 1072 3762; x_wconf 54' lang='lat' dir='ltr'>praesidii</span> <span class='ocrx_word' id='word_1_382' title='bbox 1086 3691 1171 3750; x_wconf 89' lang='lat' dir='ltr'>quam</span> <span class='ocrx_word' id='word_1_383' title='bbox 1187 3668 1268 3732; x_wconf 84' lang='lat' dir='ltr'>vocis</span> <span class='ocrx_word' id='word_1_384' title='bbox 1285 3663 1363 3747; x_wconf 81' lang='grc' dir='ltr'><em>ὑπὲρ</em></span> <span class='ocrx_word' id='word_1_385' title='bbox 1375 3671 1444 3749; x_wconf 78' lang='lat' dir='ltr'>sig-</span> 
     </span>
     <span class='ocr_line' id='line_1_41' title="bbox 138 3751 1442 3838; baseline 0.002 -23"><span class='ocrx_word' id='word_1_386' title='bbox 138 3771 146 3788; x_wconf 89' lang='grc'><strong>’</strong></span> <span class='ocrx_word' id='word_1_387' title='bbox 226 3751 364 3815; x_wconf 86' lang='lat' dir='ltr'>nificatus</span> <span class='ocrx_word' id='word_1_388' title='bbox 382 3751 519 3831; x_wconf 88' lang='lat' dir='ltr'>proprius</span> <span class='ocrx_word' id='word_1_389' title='bbox 540 3760 568 3814; x_wconf 90' lang='lat' dir='ltr'>et</span> <span class='ocrx_word' id='word_1_390' title='bbox 583 3752 715 3834; x_wconf 88' lang='lat' dir='ltr'>reliquae</span> <span class='ocrx_word' id='word_1_391' title='bbox 731 3765 897 3834; x_wconf 77' lang='lat' dir='ltr'>repugnent</span> <span class='ocrx_word' id='word_1_392' title='bbox 913 3756 1159 3834; x_wconf 88' lang='lat' dir='ltr'>circumstantiae,</span> <span class='ocrx_word' id='word_1_393' title='bbox 1176 3757 1206 3818; x_wconf 91' lang='lat' dir='ltr'>in</span> <span class='ocrx_word' id='word_1_394' title='bbox 1224 3777 1324 3819; x_wconf 88' lang='lat' dir='ltr'>eorum</span> <span class='ocrx_word' id='word_1_395' title='bbox 1342 3759 1442 3838; x_wconf 92' lang='lat' dir='ltr'>expli-</span> 
     </span>
     <span class='ocr_line' id='line_1_42' title="bbox 228 3838 1443 3925; baseline 0.004 -24"><span class='ocrx_word' id='word_1_396' title='bbox 228 3839 342 3901; x_wconf 86' lang='lat' dir='ltr'>catione</span> <span class='ocrx_word' id='word_1_397' title='bbox 358 3838 604 3918; x_wconf 89' lang='lat' dir='ltr'>acquiereudum</span> <span class='ocrx_word' id='word_1_398' title='bbox 621 3861 679 3901; x_wconf 91' lang='lat' dir='ltr'>nou</span> <span class='ocrx_word' id='word_1_399' title='bbox 697 3840 841 3904; x_wconf 89' lang='lat' dir='ltr'>existimo.</span> <span class='ocrx_word' id='word_1_400' title='bbox 877 3874 914 3890; x_wconf 80' lang='lat'>·-</span> <span class='ocrx_word' id='word_1_401' title='bbox 948 3841 976 3925; x_wconf 64' lang='grc' dir='ltr'>ξ.</span> <span class='ocrx_word' id='word_1_402' title='bbox 996 3843 1046 3906; x_wconf 87' lang='grc'>10.</span> <span class='ocrx_word' id='word_1_403' title='bbox 1076 3843 1443 3925; x_wconf 78' lang='lat' dir='ltr'>Ambrosiumpotiusalii</span> 
     </span>
     <span class='ocr_line' id='line_1_43' title="bbox 226 3924 1442 4015; baseline 0.007 -29"><span class='ocrx_word' id='word_1_404' title='bbox 226 3925 363 4004; x_wconf 86' lang='lat' dir='ltr'>inhujus</span> <span class='ocrx_word' id='word_1_405' title='bbox 387 3925 446 3986; x_wconf 88' lang='lat' dir='ltr'>loci</span> <span class='ocrx_word' id='word_1_406' title='bbox 470 3924 644 3990; x_wconf 82' lang='lat' dir='ltr'>difficilioris</span> <span class='ocrx_word' id='word_1_407' title='bbox 665 3925 860 4007; x_wconf 90' lang='lat' dir='ltr'>explicatione</span> <span class='ocrx_word' id='word_1_408' title='bbox 884 3931 986 3992; x_wconf 90' lang='lat' dir='ltr'>ducem</span> <span class='ocrx_word' id='word_1_409' title='bbox 1010 3944 1190 4012; x_wconf 90' lang='lat' dir='ltr'>sequantur,</span> <span class='ocrx_word' id='word_1_410' title='bbox 1216 3932 1283 4014; x_wconf 88' lang='lat' dir='ltr'>qui,</span> <span class='ocrx_word' id='word_1_411' title='bbox 1310 3943 1341 3994; x_wconf 93' lang='lat' dir='ltr'>ut</span> <span class='ocrx_word' id='word_1_412' title='bbox 1365 3933 1442 4015; x_wconf 89' lang='lat' dir='ltr'>ipsis</span> 
     </span>
    </p>
   </div>
   <div class='ocr_carea' id='block_1_5' title="bbox 229 4009 1472 4118">
    <p class='ocr_par' dir='ltr' id='par_1_5' title="bbox 229 4009 1472 4118">
     <span class='ocr_line' id='line_1_44' title="bbox 229 4009 1472 4118; baseline 0.008 -46"><span class='ocrx_word' id='word_1_413' title='bbox 229 4009 346 4092; x_wconf 88' lang='lat' dir='ltr'>quidem</span> <span class='ocrx_word' id='word_1_414' title='bbox 372 4012 501 4092; x_wconf 88' lang='lat' dir='ltr'>ridetur,</span> <span class='ocrx_word' id='word_1_415' title='bbox 533 4013 629 4094; x_wconf 78' lang='lat' dir='ltr'>magis</span> <span class='ocrx_word' id='word_1_416' title='bbox 656 4015 838 4096; x_wconf 89' lang='lat' dir='ltr'>probabilem</span> <span class='ocrx_word' id='word_1_417' title='bbox 864 4017 1097 4086; x_wconf 79' lang='lat' dir='ltr'>subministravit</span> <span class='ocrx_word' id='word_1_418' title='bbox 1121 4020 1344 4102; x_wconf 87' lang='lat' dir='ltr'>expositionem.</span> <span class='ocrx_word' id='word_1_419' title='bbox 1389 4019 1441 4082; x_wconf 90' lang='lat' dir='ltr'>lile</span> <span class='ocrx_word' id='word_1_420' title='bbox 1471 4085 1472 4118; x_wconf 59' lang='lat'>,</span> 
     </span>
    </p>
   </div>
   <div class='ocr_carea' id='block_1_6' title="bbox 268 4197 860 4368">
    <p class='ocr_par' dir='ltr' id='par_1_6' title="bbox 268 4197 860 4368">
     <span class='ocr_line' id='line_1_45' title="bbox 268 4197 860 4304; baseline 0.01 -22"><span class='ocrx_word' id='word_1_421' title='bbox 268 4197 271 4206; x_wconf 86' lang='lat'><em>·</em></span> <span class='ocrx_word' id='word_1_422' title='bbox 297 4230 324 4290; x_wconf 81' lang='lat'><em>¹¹¹)</em></span> <span class='ocrx_word' id='word_1_423' title='bbox 348 4235 416 4284; x_wconf 78' lang='lat' dir='ltr'>Tem.</span> <span class='ocrx_word' id='word_1_424' title='bbox 438 4235 489 4288; x_wconf 78' lang='lat' dir='ltr'>Vr.</span> <span class='ocrx_word' id='word_1_425' title='bbox 508 4208 611 4290; x_wconf 73' lang='lat' dir='ltr'>Ionicae.</span> <span class='ocrx_word' id='word_1_426' title='bbox 633 4238 718 4292; x_wconf 78' lang='lat' dir='ltr'>Germ.</span> <span class='ocrx_word' id='word_1_427' title='bbox 736 4237 782 4304; x_wconf 75' lang='lat' dir='ltr'>fol.</span> <span class='ocrx_word' id='word_1_428' title='bbox 799 4239 860 4298; x_wconf 76' lang='lat' dir='ltr'>eto.</span> 
     </span>
     <span class='ocr_line' id='line_1_46' title="bbox 296 4296 751 4368; baseline 0.009 -18"><span class='ocrx_word' id='word_1_429' title='bbox 296 4296 339 4366; x_wconf 75' lang='grc'>**)</span> <span class='ocrx_word' id='word_1_430' title='bbox 359 4305 426 4350; x_wconf 81' lang='lat' dir='ltr'>Loro</span> <span class='ocrx_word' id='word_1_431' title='bbox 446 4301 478 4351; x_wconf 82' lang='lat' dir='ltr'>de</span> <span class='ocrx_word' id='word_1_432' title='bbox 498 4302 623 4368; x_wconf 79' lang='lat' dir='ltr'>dupta’smo</span> <span class='ocrx_word' id='word_1_433' title='bbox 643 4322 664 4354; x_wconf 85' lang='lat' dir='ltr'>r.</span> <span class='ocrx_word' id='word_1_434' title='bbox 685 4305 710 4358; x_wconf 89' lang='grc'>7.</span> <span class='ocrx_word' id='word_1_435' title='bbox 745 4332 751 4338; x_wconf 90' lang='grc'><strong>-</strong></span> 
     </span>
    </p>
   </div>
   <div class='ocr_carea' id='block_1_7' title="bbox 296 4365 711 4436">
    <p class='ocr_par' dir='ltr' id='par_1_7' title="bbox 296 4365 711 4436">
     <span class='ocr_line' id='line_1_47' title="bbox 296 4365 711 4436; baseline 0.022 -19"><span class='ocrx_word' id='word_1_436' title='bbox 296 4365 352 4436; x_wconf 64' lang='lat' dir='ltr'>m)</span> <span class='ocrx_word' id='word_1_437' title='bbox 373 4367 474 4435; x_wconf 65' lang='lat' dir='ltr'>Litana.</span> <span class='ocrx_word' id='word_1_438' title='bbox 494 4388 516 4426; x_wconf 82' lang='lat' dir='ltr'>c.</span> <span class='ocrx_word' id='word_1_439' title='bbox 534 4373 561 4424; x_wconf 79' lang='lat' dir='ltr'>d.</span> <span class='ocrx_word' id='word_1_440' title='bbox 584 4376 650 4428; x_wconf 74' lang='lat' dir='ltr'>Soet.</span> <span class='ocrx_word' id='word_1_441' title='bbox 669 4373 711 4426; x_wconf 74' lang='lat' dir='ltr'>lb.</span> 
     </span>
    </p>
   </div>
   <div class='ocr_carea' id='block_1_8' title="bbox 0 0 1497 4896">
    <p class='ocr_par' dir='ltr' id='par_1_8' title="bbox 0 0 1497 4896">
     <span class='ocr_line' id='line_1_48' title="bbox 0 0 1497 4896; baseline 0 0"><span class='ocrx_word' id='word_1_442' title='bbox 0 0 1497 4896; x_wconf 95' lang='lat' dir='ltr'> </span> 
     </span>
    </p>
   </div>
  </div>
 </body>
</html>
