2944 4890
226 321 293 389 Μ
498 373 502 384 ,
655 317 764 384 Xblll.
795 315 907 383 christ.
924 315 1041 401 Beyer'

228 495 367 558 delnnotn
385 514 476 556 uxore
501 496 647 570 secunda,
669 494 783 557 tertiam
806 493 939 571 duxerit,
961 501 1028 574 post
1050 489 1257 573 poeniteutiam
1280 486 1441 552 bienniiiu

228 582 358 649 ordinem
378 581 520 644 laicorum
538 582 644 663 eodgit,
670 582 804 662 dignitati
821 603 885 644 enm
904 582 1017 644 restitui
1035 579 1184 662 prohibuit
1202 597 1266 640 can.
1285 576 1320 638 4.
1346 579 1442 638 eodo·

227 673 322 748 modo,
340 680 372 731 nt
385 669 488 748 laicus,
505 670 554 752 qui
569 683 634 754 post
647 670 763 752 lapsum
777 669 983 732 reconciliatus
997 668 1143 730 ecclesiae
1157 666 1263 743 luerat,
1280 667 1320 725 ad
1335 665 1442 726 clerum

197 753 202 767 '
228 761 443 840 promovendus
475 779 533 818 non
563 770 642 835 erat,
677 758 733 820 nisi
758 759 933 820 necessitate
955 767 1090 836 urgente.
1136 755 1215 816 Tum
1240 753 1375 833 denique
1401 763 1444 813 aut

190 861 194 864 “
226 845 346 909 lectoris
362 857 412 907 aut
429 845 539 908 ostiarii
563 866 682 907 munere
702 845 790 926 fungi
806 846 914 908 licebat
930 867 967 909 ex
983 848 1100 906 decreto
1117 843 1231 924 ejudem
1248 839 1389 903 concilii.
1408 875 1443 884 —-

227 933 255 1017 b.
272 934 302 995 4.
327 933 479 996 Neminem
498 931 603 995 lallant
620 933 785 1011 Baronius,
811 933 1016 1009 Bellavminus,
1042 934 1103 994 Leo
1122 928 1250 992 llllatius
1272 941 1300 991 et
1322 928 1378 1010 qui
1398 949 1442 989 eos

227 1028 407 1102 sequuntur,
432 1021 481 1100 qui
507 1020 612 1082 laicam
632 1021 863 1083 communionem
884 1021 968 1082 toties
988 1025 1174 1082 memoratam
1193 1017 1326 1098 antiquis
1347 1019 1444 1078 docto-

227 1109 310 1170 ribus
327 1111 364 1169 de
380 1107 583 1169 communione
599 1110 654 1170 sub
672 1129 730 1170 una
746 1109 846 1189 specio
863 1130 899 1171 ex
911 1109 1028 1170 Patrem
1041 1105 1312 1170 constantiensium
1332 1107 1443 1166 decreto

227 1199 465 1276 interpretantur.
504 1196 657 1258 Sententia
688 1196 821 1258 inaudita
851 1206 879 1258 et
901 1216 919 1258 a
943 1215 1023 1272 seco.
1050 1193 1166 1256 illorum
1197 1192 1336 1256 doctrina
1363 1192 1443 1272 plane

227 1283 405 1361 abhorrens,
432 1282 517 1364 cujas
541 1305 669 1346 errorem
690 1285 750 1365 jam
770 1283 821 1345 diu
840 1283 966 1364 explosit
983 1283 1048 1346 Nic.
1066 1281 1233 1362 Rigaltius,
1255 1280 1287 1341 iu
1314 1283 1443 1342 uninvud·

227 1379 348 1434 ceraton.
365 1371 395 1430 in
414 1368 529 1452 epistol.
548 1373 599 1433 55.
616 1393 644 1452 p.
663 1372 792 1433 106..-
814 1370 842 1453 ᾗ.
859 1373 888 1433 ὁ.
911 1371 970 1448 Qui
988 1391 1025 1432 ex
1043 1369 1259 1451 poenitentibus
1278 1367 1347 1430 sivo
1364 1366 1443 1430 laicis

228 1459 291 1522 sive
311 1458 429 1520 clericis
448 1459 485 1520 ab
502 1459 713 1521 haereticorum
733 1468 784 1520 ant
802 1458 1054 1522 schismaticorum
1071 1457 1220 1520 erroribus
1237 1458 1275 1519 ad
1293 1456 1443 1518 veritate·

228 1549 379 1610 doctrinae
404 1551 633 1624 revertebantur,
659 1567 758 1608 eorum
783 1555 855 1624 erat,
875 1557 1029 1628 antequam
1053 1545 1118 1626 pari
1138 1565 1203 1607 cnnr
1222 1541 1366 1606 fidelibus
1384 1544 1442 1626 jure

227 1634 410 1711 fruerentur,
436 1653 510 1715 quae
533 1634 563 1695 in
588 1632 667 1696 ludis
689 1634 903 1716 haereticorum
928 1635 1115 1710 audiverant,
1140 1652 1215 1714 qnae
1234 1631 1391 1708 viderant,
1415 1651 1443 1691 ea

228 1722 346 1804 publico
362 1725 510 1803 exponere
527 1743 564 1784 ex
582 1720 788 1784 constitutione
800 1721 946 1785 Heraclne
963 1733 991 1785 et
1003 1720 1137 1803 Dionysii
1149 1720 1233 1784 Alex.
1250 1721 1333 1800 apud
1347 1719 1442 1780 Euse-

229 1809 308 1874 bium
340 1809 410 1872 hist.
435 1810 508 1872 eccl.
526 1809 557 1885 ⁷,
587 1813 617 1873 7.
664 1809 743 1871 Τιιι
778 1829 933 1890 perversae
966 1809 1115 1872 doctrinae
1145 1827 1273 1870 errorem
1306 1807 1441 1888 abjurare

227 1917 373 1978 suamque
391 1897 537 1959 ecclesiae
553 1895 638 1959 fidem
654 1897 849 1978 adstringere,
873 1919 906 1960 se
924 1895 1096 1983 doctrinam,
1115 1917 1202 1978 qnam
1218 1915 1279 1957 una
1295 1906 1404 1957 sancta
1418 1905 1441 1956 ιι

227 1983 373 2048 catholica
391 1984 519 2047 ecclesia
541 1984 734 2065 profiteretur,
753 1985 942 2066 imposterum
960 2006 1026 2048 esse
1045 1983 1245 2065 professuros.
1289 1983 1359 2045 Hac
1379 1982 1441 2062 lege

226 2071 337 2154 recepti
354 2073 473 2134 fuerunt
487 2072 518 2132 in
532 2072 667 2134 Romana
681 2072 808 2135 ecclesia
823 2073 982 2150 Maximus,
1002 2073 1147 2149 Urbanus,
1166 2069 1319 2150 Sidonius,
1339 2071 1440 2132 Mace-

226 2160 300 2233 rius,
324 2159 520 2236 confessores,
543 2160 805 2222 aNovatianorum
822 2159 939 2223 haeresi
958 2163 1123 2237 redeuntes,
1141 2162 1177 2220 de
1194 2179 1321 2240 quorum
1340 2158 1439 2239 poeni-

108 2318 112 2326 ,
226 2247 318 2311 tentia
337 2258 365 2310 et
387 2247 506 2329 publica
531 2248 639 2310 erroris
657 2247 875 2310 abominatione
891 2251 929 2311 ad
947 2247 1126 2331 cyprianum
1150 2245 1269 2326 scripsit
1286 2245 1439 2309 cornelius

226 2335 313 2418 epist.
337 2334 414 2408 inter
433 2334 625 2417 cyprianicas
643 2334 695 2398 49.
739 2337 804 2398 Hac
827 2335 895 2417 lege
914 2335 1101 2416 recipiendus
1124 2344 1185 2398 erat
1202 2334 1375 2412 Nestorius,
1397 2333 1459 2415 qui]

192 2479 197 2485 .
225 2423 374 2486 infaustae
396 2423 521 2486 nominis
538 2423 627 2505 hujus
643 2423 758 2486 haeresi
776 2423 920 2505 originem
944 2423 1031 2501 dedit,
1050 2443 1087 2484 ex
1104 2425 1220 2485 decreto
1236 2421 1373 2499 Patrem,
1398 2420 1439 2502 qui

225 2511 258 2574 in
276 2507 393 2592 synodo'
411 2511 600 2573 oecumenica
618 2514 655 2573 ad
672 2511 887 2592 profligandum
911 2513 976 2593 ejus
994 2531 1120 2573 errorem
1137 2509 1250 2590 Ephesi
1268 2507 1438 2590 congregati

225 2598 352 2677 inerant,
377 2601 454 2679 qnod
478 2598 652 2679 intelligitur
676 2620 713 2660 ex
736 2599 879 2680 synodica
897 2602 933 2662 nd
951 2599 1118 2661 Nestorium
1136 2597 1272 2677 epistola.
1296 2631 1345 2644 -
1370 2599 1398 2682 §.
1414 2597 1438 2658 b.

118 2721 127 2734 =
225 2686 293 2748 Nou
316 2706 385 2748 vevo
409 2686 481 2748 satis
506 2697 576 2763 erat,
601 2687 737 2768 ejurasse
760 2708 897 2764 errorem,
921 2686 1101 2767 poenitentia
1120 2685 1206 2748 etiam
1224 2684 1355 2748 delenda
1377 2695 1439 2758 erat,

226 2794 301 2856 quae
317 2794 335 2835 a
352 2774 481 2836 veritatis
499 2773 631 2835 adultero
648 2776 789 2856 adspersa
806 2774 902 2837 fuerat
919 2773 1075 2852 ecclesiae,
1092 2773 1188 2836 labes.
1215 2773 1280 2834 Non
1298 2794 1364 2835 uua
1382 2771 1440 2854 qui-

226 2864 291 2924 dem
311 2863 470 2944 eademqne
493 2861 540 2923 hic
557 2862 614 2924 fuit
632 2862 826 2924 ecelesiarum
844 2863 928 2926 ratio.
973 2863 1007 2923 ln
1027 2861 1094 2923 aliis
1113 2861 1211 2922 mitius
1229 2859 1323 2922 habiti
1343 2859 1439 2942 poeni·

167 2945 170 2952 ’
225 2956 320 3011 tentes
337 2948 477 3012 haeretici
495 2950 586 3031 etqui
605 2951 641 3011 ab
658 2950 696 3011 iis
715 2950 828 3013 seducti
846 2951 971 3026 fuerant,
990 2953 1026 3011 ob
1043 2949 1171 3028 insigne,
1191 2949 1268 3029 qnod
1286 2969 1328 3009 ex
1346 2969 1439 3010 eornm

213 3037 322 3099 'reditu
338 3035 484 3100 ecclcsiae
502 3040 701 3116 accrescebat,
723 3039 962 3112 emolumentum,
987 3037 1053 3099 aliis
1071 3047 1171 3098 contra
1189 3035 1327 3098 severius
1345 3036 1379 3097 in
1397 3057 1439 3097 eos
1457 3035 1458 3038 ’

225 3124 537 3200 animadvertentibus,
566 3125 724 3206 praecipue
737 3125 1012 3206 Hispaniensibus,
1038 3145 1112 3205 quac
1137 3122 1230 3206 lapsis
1253 3123 1284 3183 in
1304 3121 1439 3186 haeresin

224 3221 328 3294 postea
352 3211 543 3274 redeuntibus
568 3213 773 3293 poenitentiam
798 3213 970 3276 decennium
996 3215 1164 3275 duraturam
1188 3211 1440 3293 praescripserunt

224 3299 255 3362 in
274 3319 358 3362 conc.
374 3299 573 3376 illiberitano,
598 3321 663 3362 can.
680 3302 739 3378 22,
762 3323 847 3383 quam
872 3303 909 3363 ad
934 3297 1082 3362 biennium
1104 3296 1259 3378 disciplina
1276 3299 1438 3361 humaniori

225 3385 370 3451 contraxit
384 3386 554 3466 Agathenso
574 3407 655 3451 conc.
674 3409 780 3452 canon.
798 3389 850 3452 60.
896 3387 956 3450 Sed
976 3387 1065 3449 multo
1081 3385 1251 3448 acerbiores
1270 3387 1439 3466 graviores-

225 3497 282 3558 que
312 3495 424 3557 poenae
454 3474 590 3552 luerunt,
622 3483 789 3556 qnaspost
814 3474 899 3536 fidem
925 3474 1051 3538 libertati
1079 3481 1223 3536 assertam
1249 3473 1438 3555 imperatores

225 3562 377 3626 christiani
395 3565 432 3624 ab
448 3561 486 3623 iis
502 3561 690 3644 repetierunt,
708 3563 756 3643 qui
775 3562 944 3643 opinionum
963 3563 1151 3644 perversitate
1167 3561 1320 3624 veritatem
1337 3563 1439 3625 doctri-

224 3673 281 3714 ιιι
298 3650 528 3714 labefactabant.
566 3647 653 3719 Soliti
671 3649 807 3712 nimirum
824 3650 868 3710 illi
887 3650 978 3731 lacre,
996 3670 1108 3731 poenas
1125 3649 1335 3730 episcoporum
1354 3671 1437 3712 cauo·
1456 3715 1457 3728 ,

223 3741 307 3804 nicas
332 3740 476 3801 interdum
499 3759 610 3819 augere
635 3739 738 3819 poenis
765 3737 911 3800 civilibus.
956 3739 1024 3801 Huc
1047 3737 1159 3800 faciunt
1179 3737 1377 3800 constantini
1394 3739 1436 3814 lli,

157 3907 160 3914 1
224 3827 432 3902 Valentiniani,
458 3826 602 3900 Gratiani,
622 3825 755 3904 Honorii,
775 3825 1011 3888 Theodosiorum
1030 3826 1212 3908 aliorumque
1226 3826 1267 3887 ‘de
1284 3824 1437 3888 haereticis

224 3912 254 3972 in
273 3914 373 3976 codice
389 3915 506 3978 Theod.
527 3915 765 3995 leges‚,quarnm
784 3913 939 3976 autoritate
956 3934 1045 3994 saepe
1062 3913 1148 3975 bonis
1167 3911 1278 3974 multati
1298 3914 1436 3984 omnibus,

224 4019 299 4081 quas
319 4001 437 4081 juribus
459 4001 522 4065 fisci
541 4002 761 4079 addicebantur,
782 4001 842 4064 imo
858 4023 926 4064 vero
946 4001 1051 4081 capitis
1070 3999 1255 4063 condemnati
1272 3999 1372 4080 luere,
1397 3997 1436 4081 qui

222 4086 254 4147 in
283 4086 398 4150 haeresi
422 4101 645 4169 perseverantes
669 4090 841 4152 obstinatos
857 4089 1005 4152 habebant
1029 4091 1065 4150 ad
1094 4087 1296 4150 defendendos
1326 4107 1456 4158 errores,

117 4233 120 4240 .
223 4174 348 4237 animos.
392 4175 499 4239 Verum
525 4189 557 4239 ut
589 4179 731 4240 bonorum
755 4177 901 4240 ecclesiae
934 4175 1061 4238 omnium
1084 4185 1152 4255 post
1173 4174 1387 4255 poenitentiam
1415 4183 1435 4236 et

222 4261 374 4326 doctrinae
391 4262 552 4327 catholicas
576 4265 791 4344 professionem
809 4264 968 4347 perlicipes
985 4262 1154 4326 illidebant
1172 4273 1199 4324 et
1215 4273 1381 4344 compotes,
1405 4263 1433 4324 ita

223 4360 251 4415 et
277 4349 519 4430 privilegiorum,
553 4351 783 4430 immunitatum,
813 4353 924 4434 jurium
952 4351 1097 4426 omnium,
1129 4350 1238 4432 quibus
1272 4355 1310 4413 eir
1341 4349 1432 4433 legun

221 4435 424 4500 sanctionibus
449 4435 518 4496 boni
545 4455 646 4500 omnes
668 4439 699 4500 in
722 4440 875 4520 republica
901 4439 980 4504 cives
1005 4440 1191 4520 gaudebant,
1222 4457 1297 4502 usus
1328 4442 1369 4501 ad
1392 4455 1432 4500 eos

221 4526 318 4602 dopuo
338 4522 530 4610 perveniebat
553 4522 761 4605 amplissimus.
808 4527 892 4590 Unde
916 4547 1004 4609 quam
1029 4525 1134 4610 grevia
1158 4524 1270 4591 luerint
1293 4526 1432 4593 ecclesiae
