2944 4898
205 185 250 252 td
602 117 1075 266 ΧΧιιιΙ...Ηι“ιΖιΙιιιιιΙ

206 359 304 424 indies
321 359 502 424 incrementa
517 357 682 444 capiebat,
690 379 792 424 amam
810 360 877 443 ejus
900 357 1041 440 temporis
1058 353 1235 422 commui
1259 352 1436 436 proebitarn

205 449 312 524 luisse,
335 459 366 510 nt
381 447 414 525 ii,
439 446 525 510 sicuti
543 457 723 531 caeterorum
741 447 1005 512 ecclesiastieorum
1021 444 1128 511 rituum
1143 442 1295 517 eunoun.
1310 442 1435 508 aretio-

206 537 290 601 ribns
306 547 392 598 antea
407 533 548 598 limitibus
560 525 820 616 circumscriptum,
838 533 1016 617 ampliicnre
1029 533 1126 598 exorsi
1138 543 1246 607 erant,
1242 531 1288 594 ita
1302 551 1433 614 quaque

207 622 420 690 solemnitatem
443 623 616 686 initiationis
641 624 853 705 proselytorum
876 643 996 686 snorum
1021 641 1097 684 noro
1122 619 1300 684 ¹cerimoniae
1333 617 1434 702 hujus

207 711 402 775 additamento
429 722 606 774 exornarent
629 733 750 792 eamque
775 711 842 774 inde
870 709 1096 792 splendidiorem
1122 707 1282 772 elicerent.
1322 707 1434 784 Quum

208 821 277 862 roro
294 799 418 880 primum
443 799 474 860 iu
499 799 627 862 animaru
648 799 836 862 induxissent
851 797 1009 862 Christiani
1034 799 1070 858 de
1094 795 1323 877 multiplicandis
1341 805 1372 856 et
1390 797 1435 856 ed
1468 839 1469 842 ,

208 887 455 969 magnificentium
480 897 567 968 atque
598 887 819 950 ostentationem
848 885 1056 968 componendis
1081 883 1292 947 ecclesiast-icis
1315 882 1434 946 ritibus

210 996 369 1058 eorumque
387 977 561 1055 adaugendo
580 975 773 1056 potiusquam
790 974 987 1036 imminuendo
1003 993 1125 1036 numero
1143 969 1316 1034 consilinm:
1333 969 1435 1034 iacile

209 1065 314 1128 deinde
331 1063 457 1136 factum,
482 1071 524 1124 ut
536 1062 606 1124 licet
622 1064 729 1124 baecoe
746 1062 813 1124 nori
829 1063 965 1143 generis,
989 1059 1126 1124 nimirum
1142 1059 1274 1124 balsamo
1290 1069 1432 1140 pernota,

209 1152 345 1216 unctione
362 1151 393 1212 in
411 1149 566 1214 ecelesiam
584 1150 748 1212 introducta
764 1160 851 1231 atque
867 1149 1026 1212 substituta
1042 1159 1130 1227 esset,
1146 1157 1272 1210 ιιιιιιιιι
1289 1149 1325 1210 de
1344 1147 1435 1210 anti-

209 1239 310 1324 quiere
333 1236 403 1316 illa,
428 1258 514 1320 qnam
532 1237 735 1300 Tertullianus
754 1248 960 1301 commemorat
977 1257 1111 1319 quaeque
1135 1235 1201 1298 oleo
1217 1234 1280 1300 lieri
1296 1232 1434 1311 solebat,

167 1329 182 1340 “
209 1327 308 1390 unctio
326 1347 386 1388 nna
404 1337 431 1390 et
446 1326 531 1399 simul
557 1326 709 1388 retinendo
727 1325 900 1390 sententiam
919 1325 1043 1402 inirent,
1067 1345 1104 1389 en
1119 1343 1242 1426 nempe
1240 1324 1282 1384 rei
1297 1321 1434 1424 petissi-

209 1437 288 1479 mnrn
303 1415 415 1478 ratione
432 1415 540 1492 habita,
558 1416 634 1496 quod
652 1436 689 1478 ex
704 1411 788 1476 illius
805 1411 1106 1494 observationemque
1118 1431 1174 1474 ιιι
1186 1410 1243 1492 ipsi
1259 1409 1469 1492 neposne-t

208 1501 247 1566 lis
265 1513 348 1568 actus
370 1463 544 1566 solemnitati
570 1501 680 1584 aliquid
706 1501 856 1581 dignitatis
880 1509 908 1563 et
931 1499 1126 1582 praestantiae
1148 1519 1337 1562 accessuram
1354 1498 1431 1568 iere
1468 1549 1469 1560 ,

209 1592 429 1656 arbitrarentur.
467 1590 582 1652 Exinde
605 1589 790 1671 assignatum
807 1588 863 1670 ipsi
880 1589 911 1650 iu
927 1587 1111 1670 praegressis
1126 1586 1307 1690 baptismatis
1323 1596 1432 1650 aetum

210 1679 315 1742 ritibus
333 1678 431 1742 locum
447 1688 534 1740 nacta
550 1686 595 1740 est
617 1677 765 1760 antiquior
785 1677 859 1740 baec
876 1675 992 1754 noetio,
1015 1697 1102 1758 quum
1125 1675 1280 1756 pristinum
1303 1675 1371 1756 ejus
1396 1673 1469 1734 iu

211 1765 427 1850 baptismalium
454 1765 676 1828 cerimoniarum
702 1765 780 1828 serie
807 1765 904 1828 locum
915 1785 1036 1838 recens
1056 1763 1260 1866 superaddita,
1287 1783 1366 1843 quae
1392 1783 1436 1824 ex

210 1867 361 1938 unguento
378 1854 515 1916 nobiliori
534 1875 635 1934 peragi
627 1851 775 1929 ⁰,solebat
799 1853 898 1916 unctio
918 1872 1062 1934 occupare
1080 1850 1235 1932 coepisset.
1275 1847 1434 1931 Singula·

210 1965 274 2006 rum
297 1963 367 2006 vero
383 1942 487 2003 harum
505 1940 728 2021 dispositionum
752 1951 780 2002 ct
802 1940 973 2021 placitorum
992 1949 1075 2002 netas
1097 1947 1185 2022 atque
1209 1937 1310 2019 urigo,
1336 1959 1434 2019 quum

210 2037 392 2092 caeterorum
411 2029 537 2090 omnium
556 2027 696 2090 evidentis
713 2049 749 2090 ae
766 2028 914 2130 genuinae
938 2027 1120 2109 antiquitatis
1139 2027 1314 2107 scriptorum
1332 2026 1436 2088 desti-

211 2128 289 2180 tutae
304 2115 363 2178 sint
379 2115 563 2194 testimonio,
587 2125 664 2178 certo
682 2137 739 2178 non
755 2115 814 2178 alio
832 2115 963 2178 nituntur
985 2116 1174 2178 laudamento
1190 2135 1276 2197 qnam
1292 2113 1435 2178 infucata

161 2255 164 2262 .
210 2203 381 2266 anctoritate
398 2203 528 2284 parentis
545 2211 695 2268 constitntt.
714 2215 815 2284 apost,
834 2205 922 2286 cujus
938 2225 1007 2268 vero
1024 2214 1102 2268 artes
1118 2203 1207 2266 altius
1223 2201 1433 2284 perspexisse,

106 2305 109 2310 ’
211 2292 269 2356 sibi
287 2301 330 2356 est
346 2290 427 2355 visus
445 2291 614 2374 justumque
632 2302 785 2372 propterea
801 2291 839 2354 iis
868 2291 994 2355 calorem
1012 2295 1179 2373 appendere
1206 2311 1265 2352 nou
1281 2289 1435 2352 dubitavit
1468 2363 1469 2368 η

210 2379 280 2444 Dal
292 2379 418 2444 laens.
454 2380 562 2444 Verum
580 2379 669 2442 mullo
686 2379 810 2442 iniurius
827 2401 862 2442 ac
878 2380 968 2460 longe
985 2379 1102 2444 tenuius
1126 2378 1250 2461 pretium
1264 2378 1342 2441 iden
1361 2389 1435 2440 sta-

210 2470 265 2532 tuit
280 2471 538 2546 Peeado-Dionpsii
554 2468 735 2548 testimonio,
761 2489 846 2548 quem
864 2467 992 2548 lepidum
1010 2467 1115 2530 notans
1132 2487 1204 2530 snae
1220 2465 1434 2530 dissimulato·

209 2578 270 2622 rem
287 2558 324 2618 ad
340 2555 442 2616 ultima
458 2577 519 2618 sec.
532 2556 567 2620 V.
584 2565 713 2636 tempora
728 2555 773 2618 rel
789 2557 827 2618 ad
842 2555 986 2620 initiati.
1003 2551 1103 2618 refert.
1124 2555 1203 2618 Hinc
1220 2557 1256 2618 de
1273 2553 1433 2657 librqrnm,

211 2643 274 2706 ab
266 2664 330 2724 rpso
357 2664 422 2704 enm
438 2643 468 2704 iu
496 2643 582 2704 finem
600 2644 796 2722 conditorum,
819 2652 852 2704 ιιι
875 2641 1086 2706 ecclesiasticis
1112 2645 1201 2706 rebus
1224 2663 1260 2704 eo
1283 2641 1469 2730 maiorem

210 2730 330 2794 lionoris
348 2751 383 2792 ac
400 2730 550 2810 dignitatis
567 2731 694 2812 speciem
712 2734 789 2812 apud
806 2751 906 2794 omnes
924 2719 1102 2807 conciliaret,
1117 2729 1216 2794 indole
1231 2751 1291 2794 noa
1307 2729 1433 2792 incom-

211 2801 293 2901 mode
310 2817 422 2900 judicat
435 2818 472 2897 *,)
498 2841 544 2880 eos
559 2841 608 2900 per
623 2842 652 2881 ee
668 2827 774 2882 curiow
791 2841 860 2880 sona
875 2831 901 2880 at
916 2821 955 2882 nd
968 2841 1099 2900 pompam
1114 2829 1197 2900 atqle
1211 2821 1434 2880 admirationem
1468 2731 1469 2866 l

210 2930 310 2988 meque
325 2917 352 2968 et
368 2929 435 2988 pene
449 2913 582 2968 inarsitnto
600 2910 707 2970 dicendi
722 2929 818 2986 praere
834 2929 893 2970 oeae
887 2913 1076 3009 'conscriptos
1092 2915 1179 2988 atque
1196 2871 1469 2988 insuper,dun1l

208 2995 240 3058 iu
257 3017 291 3058 eo
309 3004 451 3072 versatur,
469 3005 500 3056 ut
516 2997 627 3076 probet,
645 2995 739 3058 libros
757 2995 811 3058 lros
819 2995 952 3076 ,qnippe
971 2994 1020 3076 qui
1036 3015 1113 3058 anno
1131 2994 1201 3061 clr.
1217 2997 1331 3058 demum
1349 2993 1432 3056 532.

210 3083 273 3146 orbi
300 3082 457 3146 christiano
481 3082 674 3159 innotuerint,
704 3104 762 3144 non
787 3043 886 3144 miultis
910 3092 979 3146 aute
1005 3083 1083 3145 lrnnc
1106 3103 1215 3148 annun
1239 3081 1431 3162 temporibus

143 3181 147 3198 ⁸
211 3180 346 3234 exaratos
362 3169 475 3243 fuisse,
504 3171 540 3230 de
555 3169 612 3230 fine
629 3169 780 3249 scriptoris
798 3180 826 3232 et
841 3170 1000 3252 proposito,
1024 3170 1150 3252 quodie
1167 3170 1372 3232 concinnando
1390 3189 1432 3232 ιιι

211 3259 322 3320 edendo
339 3277 425 3334 opere
443 3255 558 3332 lrabnit,
580 3256 621 3318 ita
636 3257 751 3338 pergit:
777 3267 913 3320 coeterum
933 3265 959 3320 ie
978 3265 1113 3339 scriqrtor,
1138 3265 1290 3340 quicunque
1312 3259 1431 3320 tandem
1466 3303 1467 3314 ,

209 3346 304 3422 faerit,
330 3349 378 3424 qai
392 3345 442 3404 snb
458 3345 510 3404 bac
525 3349 629 3422 inperiti
645 3351 773 3419 Dionysii
787 3368 906 3425 persone
923 3350 1008 3410 lutere
1022 3357 1048 3408 et
1062 3349 1121 3408 orbi
1137 3353 1326 3427 imponerere
1342 3347 1431 3408 ladon

209 3433 302 3508 fucere
315 3433 411 3508 noluit,
428 3451 506 3509 ceree,
524 3437 543 3491 i.
559 3453 592 3508 e,
614 3435 739 3496 Grneeno
755 3441 844 3513 quinti
858 3441 982 3516 sontique
996 3437 1081 3496 seculi
1095 3437 1225 3498 coenetur
1239 3440 1320 3509 ritus,
1344 3441 1406 3494 ιιι·
1395 3455 1431 3495 ιιι

210 3525 334 3596 cncede,
350 3524 414 3580 itn'
406 3540 435 3580 ιιι
451 3521 502 3580 tor
518 3539 623 3599 quoqne
637 3523 757 3598 aspendi
772 3529 909 3598 mpetmio,
924 3525 1027 3601 prendi
1041 3524 1091 3584 otto
1107 3543 1158 3584 sno
1175 3545 1209 3584 uc
1224 3523 1469 3618 dithyrambica

167 3625 182 3654 r
209 3609 279 3686 stolo
294 3629 349 3669 non
365 3608 477 3668 obscuro
493 3613 644 3708 expressit,
661 3607 690 3668 in
708 3611 898 3690 sequentibus
915 3609 980 3670 dein
998 3629 1043 3683 ea,
1060 3629 1134 3690 quae
1150 3609 1261 3690 inipso
1278 3593 1469 3687 scriptore

210 3695 246 3758 de
264 3693 390 3776 duplicis
409 3693 554 3756 unctionis
571 3706 637 3756 ante
655 3706 683 3758 et
700 3705 767 3777 post
784 3697 949 3760 tinctionem
967 3697 1127 3760 cerimonia
1135 3695 1469 3777 ,sesquipedalibus

208 3781 270 3846 illis
288 3795 315 3845 et
331 3783 369 3848 ad
386 3803 519 3864 pompam
536 3803 571 3844 ac
587 3783 768 3865 majestatem
781 3784 885 3847 ellictis
898 3783 995 3847 verbis
1010 3783 1137 3861 inclusa,
1155 3785 1428 3866 deprehenduntnr,

150 3905 154 3913 ,
210 3883 354 3950 recenset,
381 3891 522 3934 summurn
542 3891 640 3934 eorum
658 3893 709 3953 pro
727 3871 909 3954 peculiaris
900 3871 1023 3934 instituti
1042 3871 1154 3934 rationo
1172 3883 1200 3934 et
1217 3870 1428 3936 disseratiunis

211 3978 300 4040 scopo
325 3957 506 4022 exaurinans.
544 3959 761 4023 associandum
778 3955 947 4022 Dallaeo
967 3958 1067 4022 merito
1085 3979 1151 4024 esse
1169 3958 1345 4022 arbitramur
1362 3957 1469 4022 Fr

210 4041 340 4124 Spanlr
351 4044 504 4122 ennium,
525 4045 575 4126 qui
593 4049 629 4108 de
646 4055 795 4112 constitnit.
811 4058 905 4128 oport.
927 4057 1046 4110 auctore
1071 4068 1107 4110 ac
1123 4046 1223 4128 operis
1237 4049 1275 4108 ab
1292 4067 1329 4110 eo
1346 4067 1425 4108 cou-

209 4127 279 4192 iecti
296 4141 390 4194 aetate
406 4151 500 4214 agens
517 4153 624 4214 magna
641 4135 756 4197 testium
773 4155 831 4198 non
849 4133 970 4196 multum
989 4133 1058 4198 ab
1049 4133 1145 4216 ipsius
1170 4133 1314 4200 sententia
1332 4134 1426 4196 ablu-

211 4217 339 4312 dentium
356 4221 433 4282 nube
451 4241 487 4283 ac
504 4221 649 4286 rariorum
667 4234 904 4306 argumentorum
921 4243 957 4286 ex
975 4243 1075 4286 earum
1091 4244 1200 4301 nerum,
1218 4242 1293 4306 quae
1309 4221 1341 4284 in
1357 4222 1425 4305 ipso
1468 4279 1469 4286 ,

211 4351 465 4366 m

279 4408 305 4478 *)
324 4409 392 4462 dieto
409 4411 471 4468 loeo.
488 4411 521 4464 de
538 4409 679 4478 confimat.
698 4427 756 4479 cop.
774 4411 816 4466 15.
835 4427 861 4480 p·
879 4410 930 4469 203
948 4425 1003 4480 seq.
