2968 4896
716 1076 918 1163 XXXV.
946 1096 947 1100 ‘

214 1297 325 1388 Chr.
355 1297 534 1384 Valer.
565 1294 840 1407 Weidling
869 1297 923 1382 de
952 1293 1206 1410 baptisteriis
1237 1307 1430 1382 veterum

618 1429 950 1520 Christianorum
963 1431 1014 1547 ι.)

301 1683 377 1768 §.L
412 1683 951 1764 Eamentisbumauaeestindoles‚
978 1683 1140 1766 utquoties
1162 1653 1305 1746 ideaerei
1325 1682 1430 1762 cujus·
1461 1699 1462 1734 ι

213 1771 278 1836 dam
302 1775 444 1835 accident
438 1774 548 1835 cluss
573 1774 773 1850 necessariae,
797 1783 829 1834 nt
851 1771 939 1852 vulgo
965 1767 1121 1848 vocantur,
1148 1779 1315 1846 recurrant,
1343 1771 1432 1832 toties

213 1863 299 1924 ctiam
317 1862 359 1921 rei
377 1860 472 1940 ipsius
490 1863 660 1922 recordetur
676 1861 802 1922 anianus.
839 1859 917 1921 Hinc
937 1881 1044 1942 operae
1068 1859 1191 1940 pretium
1215 1880 1260 1920 me
1281 1859 1432 1920 iacturum

214 1969 282 2010 esse
299 1947 481 2024 existimari,
506 1947 531 2008 si
551 1950 586 2008 de
604 1947 780 2027 baptisteriis
798 1957 925 2009 veterum
945 1947 1192 2024 Christianorum,
1217 1945 1338 2008 materia
1358 1945 1432 2008 satis

215 2037 305 2114 digna
322 2045 420 2094 nostro
437 2033 544 2110 studio,
569 2039 710 2115 quaedam
728 2037 886 2114 traderem,
910 2055 1001 2116 eoque
1018 2033 1178 2096 lectoribus
1196 2033 1347 2096 benevolis
1365 2033 1433 2094 loe-

216 2125 270 2182 dus
287 2121 359 2182 illud
376 2122 605 2196 sanctissimum,
623 2125 699 2204 qnod
718 2141 781 2182 cum
795 2123 858 2184 Deo
873 2144 927 2202 per
944 2123 1117 2204 baptismum
1133 2122 1281 2199 ioivimnS,
1298 2121 1329 2182 in
1346 2142 1432 2182 meu-

215 2219 271 2270 tem
290 2230 469 2270 revocarem.
506 2209 614 2272 Vocem
636 2209 803 2290 baptisterii
813 2209 908 2289 ipsam
926 2213 1001 2291 quod
1020 2211 1139 2284 attinet,
1154 2207 1205 2270 illa
1221 2209 1296 2270 inter
1311 2219 1431 2290 gentem

215 2295 380 2360 Romanam
395 2297 455 2378 jam
474 2307 535 2357 erat
551 2297 713 2358 notissima.
753 2297 826 2358 Cum
845 2297 930 2373 enim,
947 2297 1083 2378 quiequid
1102 2300 1137 2358 ad
1155 2295 1283 2377 corporis
1300 2296 1434 2376 pertine·
1461 2257 1462 2340 l

214 2385 267 2446 bat
284 2381 436 2458 culturam,
463 2382 587 2444 sollicite
606 2396 729 2462 curreret,
750 2387 854 2446 balnea
872 2397 958 2465 atque
975 2386 1103 2447 thermae
1120 2386 1232 2447 Romae
1249 2403 1356 2464 magno
1374 2405 1434 2444 nu·
1461 2385 1462 2408 ι

120 2489 130 2510 ⁸
216 2482 396 2533 meruerant
422 2471 616 2550 conspicuae,
639 2473 669 2531 iu
694 2471 800 2552 quibus
823 2472 992 2551 baptisteria
1016 2473 1102 2534 facile
1127 2473 1301 2534 eminebant.
1338 2471 1435 2530 Erant

215 2570 311 2619 autem
329 2559 471 2619 Romanis
488 2558 657 2637 baptisteria
674 2570 752 2640 certa
774 2557 841 2620 loca
864 2557 1023 2620 lotionibus
1040 2561 1152 2637 dicata,
1177 2579 1298 2640 quorum
1315 2557 1433 2619 Plinius

214 2640 323 2724 aliique
348 2667 443 2705 rerum
470 2645 667 2706 Romanarum
701 2646 860 2725 scriptores
887 2647 1059 2727 saepissime
1083 2646 1257 2708 mentionem
1280 2643 1430 2725 injiciunt.

213 2731 286 2793 Erat
304 2730 379 2793 cella
394 2731 512 2810 frigida,
528 2733 834 2814 inquitPlinius**),
826 2755 855 2793 ιιι
874 2755 932 2814 qua
951 2735 1153 2814 baptisterium
1170 2733 1295 2813 amplum
1308 2739 1338 2792 et
1353 2753 1431 2834 opa-

214 2841 357 2881 cum.-
389 2821 417 2902 §.
435 2821 465 2880 2.
491 2818 1430 2921 Harcautembaptisteriivoxtandemioecclesiamfnitiu-

213 2910 356 2968 traducta.
391 2907 492 2968 Locus
510 2929 629 2970 enims
638 2908 826 2984 aedilicium,
850 2928 879 2967 ιιι
898 2929 955 2988 quo
974 2930 1075 2970 omnes
1093 2907 1227 2988 baptismi
1244 2927 1430 2968 ceremoniae

213 2995 480 3098 peragebantur,
472 2995 545 3074 ipsis
562 2996 699 3056 audiebat
723 2956 933 3074 baptislem'um.
971 2996 1136 3059 Rarissime
1161 3006 1255 3058 tamen
1272 2995 1357 3057 etiam
1374 3015 1429 3076 pro

210 3083 278 3162 ipso
294 3083 345 3142 illo
362 3083 442 3142 fonte
460 3101 514 3142 seu
532 3072 753 3162 κολυμβηθρᾳ,
771 3085 805 3142 de
824 3103 879 3160 quo
898 3081 924 3164 ᾗ.
942 3083 973 3144 4.
981 3083 1152 3164 ‚usurpari
1169 3094 1297 3144 veterum
1315 3103 1425 3142 monu-

212 3182 309 3230 menta
325 3167 494 3247 loquuntur.
512 3169 557 3228 De
576 3180 696 3248 utroque
713 3169 753 3228 ita
771 3169 857 3228 babet
868 3171 1040 3232 Anastasius
1051 3174 1110 3252 ***)
1127 3169 1339 3250 baptisterium,
1358 3168 1429 3249 quia

210 3257 270 3338 jam
288 3275 358 3332 prae
378 3253 465 3313 nimia
489 3262 632 3315 vetustate
650 3257 753 3314 ruinae
770 3256 933 3334 proximum
957 3270 1018 3320 erat
1035 3269 1062 3319 et
1082 3259 1152 3338 quia
1170 3257 1324 3336 augustior
1338 3254 1429 3318 locus

212 3340 322 3422 populo
341 3341 494 3412 existebat,
511 3340 560 3420 qui
579 3343 614 3400 ad
633 3333 807 3420 baptistarum
824 3344 1004 3421 veniebat,
994 3367 1025 3404 ιιι
1044 3345 1192 3407 meliorem
1211 3344 1304 3406 erexit
1320 3353 1462 3406 statum

212 3443 298 3510 atque
315 3449 429 3488 sacrum
448 3426 581 3487 fontem
573 3449 602 3487 ιιι
618 3428 712 3488 medio
728 3428 857 3508 largiore
874 3432 967 3511 spatio
984 3433 1053 3492 lund
1039 3433 1123 3494 davit.
1143 3431 1201 3494 Hic
1217 3443 1312 3492 autem
1331 3430 1427 3508 locus,
1461 3483 1462 3502 ,

212 3539 302 3617 quem
313 3517 416 3596 jam«
390 3514 588 3595 baptisterium
608 3515 790 3593 certavimus,
817 3517 874 3578 alio
892 3519 977 3580 etiam
1000 3519 1116 3582 nomine
1139 3517 1343 3600 appellabatur
1359 3540 1428 3594 φω-
1461 3511 1462 3582 l

210 3623 381 3684 τιστηριον,
398 3601 482 3662 locus
499 3602 733 3666 illuminationis
767 3565 857 3684 idque
875 3605 943 3685 quia
960 3607 1167 3705 chrysostomo
1185 3606 1309 3686 aliisque
1327 3607 1427 3690 scrip·
1461 3571 1462 3636 l

210 3693 323 3752 toribus
348 3690 581 3770 frequentissime
599 3692 758 3770 baptismus
778 3703 900 3753 voratur
923 3680 1064 3769 pnirrnpu
1083 3705 1110 3754 et
1134 3694 1270 3774 baptizati
1288 3693 1427 3754 dicuntur

209 3778 363 3838 illuminati
375 3777 429 3856 †),
455 3778 568 3858 qnia«
540 3779 612 3838 berec
637 3779 702 3840 locro
719 3791 803 3840 eraut
827 3779 891 3840 loen
908 3777 1131 3843 illuminationis
1149 3803 1203 3843 seu
1219 3780 1426 3860 iustitutionis,

210 3887 285 3944 quae
303 3864 443 3942 baptismo
460 3866 707 3942 praemittebatur.
746 3867 803 3927 Hic
828 3865 902 3926 enim
925 3867 1123 3930 catechumeni
1141 3869 1243 3950 primis
1260 3867 1325 3928 lidei
1343 3868 1426 3929 clori-

211 3952 323 4012 stianae
341 3950 491 4012 elementis
511 3953 719 4016 erudiebantur
735 3952 781 4016 vel
799 3963 876 4016 certe
892 3953 958 4017 fidei
974 3956 1137 4037 symbolum
1156 3957 1346 4021 ducebantur.
1380 3956 1425 4018 lta
1461 3991 1462 4048 ι

276 4204 302 4266 *ι
323 4203 399 4256 Ριιιιι.
421 4205 492 4270 Lips.
517 4205 592 4258 1737.
614 4209 640 4260 ι.

275 4273 320 4376 ΞΩ
342 4275 429 4354 Epist,
445 4277 470 4337 5,
490 4274 520 4337 ὃς
540 4276 566 4338 2,
585 4277 611 4329 2.

320 4343 333 4410 )
352 4347 385 4390 Ιιι
401 4351 455 4391 urta
475 4347 551 4392 Leon.
571 4343 596 4394 3.

275 4413 309 4480 ι)
333 4412 396 4468 rau.
419 4411 516 4476 araga.
536 4412 612 4476 unp.
630 4410 702 4462 utar.
724 4413 785 4466 ru.
802 4411 827 4465 1.
848 4412 894 4468 ιιι.
913 4413 938 4468 ι.
960 4431 982 4471 ι.
998 4417 1025 4469 ι.
1043 4432 1074 4482 p.
1091 4413 1134 4470 aa.
1171 4407 1176 4416 ’
