2942 4892
354 226 392 287 de
407 229 537 320 ιιιιιιιιιι
554 222 789 290 Christianorum
805 225 923 310 agapis.
1091 190 1095 200 x
1156 210 1247 293 'U

6 395 86 462 Nos
104 417 181 462 reno
196 395 366 480 neutiquam
381 395 439 460 hae
454 398 485 460 in
501 419 534 462 ιι
550 399 749 464 consentimus
766 421 832 464 cunr
843 399 1023 483 Augustino,
1040 419 1108 464 cnm
1121 401 1247 464 demon·
1301 481 1304 486 Ι

9 484 114 548 strari
131 483 221 550 nullu
237 488 324 548 modo
342 485 445 568 possit,
460 487 586 550 Paulum
601 487 674 551 ιιι
665 498 836 552 rmmutasse
852 500 940 552 totam
957 511 1017 552 rem
1036 489 1103 553 rel
1094 499 1247 554 ιιιιιιιιιιι

10 573 175 638 voluisse.
208 573 447 654 Constatpotius
464 575 614 657 exipsius
632 575 758 656 apostoli
775 576 871 642 verbis
888 577 1008 662 (lGor.
1026 577 1077 657 ll,
1097 577 1248 658 tu-.22)

13 661 186 743 antiquum
211 681 320 724 morem
344 673 525 726 reservatum
548 663 636 744 idque
662 663 779 727 minimo
803 667 841 726 ab
872 685 906 726 eo
934 665 1143 746 reprehensum
1171 683 1248 729 esse.

12 749 190 812 Praeterea
207 770 245 812 ex
261 749 337 810 locis
353 749 528 830 quibusdam
546 750 723 814 Tertulliani
742 762 872 834 apparet,
891 753 1079 816 mutationem
1094 751 1176 814 illan
1195 771 1248 833 por

14 858 138 900 meram
158 836 399 900 consuetudinem
415 858 470 900 nec
487 859 555 901 roro
573 859 625 920 per
640 839 832 920 apostolicum
849 843 993 921 quoddam
1013 843 1162 903 decretura
1179 839 1247 901 lae-

14 934 82 987 tam
102 945 184 988 esse.
221 925 382 1006 Repugnat
404 924 525 1007 iusuper
548 925 622 990 baec
640 927 798 1007 Augustini
822 928 920 1009 opinio
944 928 1103 992 historicae
1121 926 1247 1006 veritati,

12 1033 92 1075 nam
110 1012 172 1074 loci
191 1033 230 1074 ex
246 1012 410 1075 Souomeoo
429 1023 457 1075 et
470 1013 593 1077 Socrate
611 1033 702 1096 supra
718 1035 737 1078 a
754 1016 839 1078 nobis
856 1015 937 1078 allati
953 1016 1109 1079 macilente
1126 1025 1247 1080 ιιιιιι-

12 1103 101 1162 rium
119 1099 269 1162 evincunt.
305 1099 554 1164 Testimoniorum
578 1113 692 1180 autem,
716 1123 793 1184 quae
816 1124 868 1184 pro
887 1123 947 1166 uua
963 1105 1092 1168 alterare
1109 1103 1248 1186 opinione

14 1187 128 1250 afferri
146 1197 284 1268 possunt,
303 1189 493 1266 enumeratio,
511 1209 549 1252 au
566 1190 657 1252 ullius
675 1191 810 1253 monenti
829 1191 868 1253 sit
883 1192 1059 1256 dubitamus.
1088 1192 1248 1274 Utrumque
1324 1218 1327 1230 ·

14 1275 104 1338 enim
123 1275 236 1338 admitti
253 1277 354 1352 debet,
376 1297 443 1338 cum
459 1288 544 1354 autu,
569 1287 628 1340 tum
652 1290 718 1359 post
741 1297 855 1342 sacram
874 1300 995 1342 coenam
1019 1279 1153 1342 valuisse
1169 1279 1248 1342 hune

15 1384 139 1426 morem
166 1361 333 1426 celebrandi
353 1383 476 1445 agapas.
513 1363 621 1428 Primis
643 1363 790 1429 ecclesiae
813 1367 1010 1448 temporibus,
1035 1368 1152 1430 duobus
1170 1377 1248 1428 certe

15 1452 179 1556 prioribus
195 1449 324 1525 seculis,
348 1472 462 1514 sacram
479 1473 599 1515 coenum
618 1463 856 1534 praecesserunt,
882 1454 1016 1535 quamvis
1031 1455 1061 1516 id
1080 1462 1169 1534 neget
1184 1453 1246 1516 Ba·
1251 1515 1254 1520 .

16 1539 131 1601 nonius
142 1541 187 1617 *,)
215 1538 416 1621 Chrysostoroi
440 1540 613 1602 auctoritate
630 1539 739 1617 fretus,
763 1541 850 1622 cujus
869 1550 991 1604 mentem
1016 1562 1074 1602 uon
1091 1550 1248 1628 assecutus

18 1637 78 1691 est.
116 1625 206 1689 aliua
224 1647 297 1688 saue
314 1629 487 1690 documenta
505 1627 594 1710 paulo
611 1638 678 1690 aute
694 1627 784 1690 allata
799 1627 930 1691 indicant
947 1639 976 1691 et
992 1628 1146 1690 manifeste
1162 1619 1247 1690 eriu-

20 1724 108 1777 euut.
146 1715 274 1792 Quando
291 1734 359 1777 reru
376 1724 405 1777 ιι
421 1737 478 1797 quo
495 1716 633 1797 temporis
649 1715 744 1797 spatio
761 1736 876 1798 agapae
894 1726 960 1779 ante
981 1729 1102 1778 coenam
1118 1713 1247 1778 domini·

20 1823 91 1865 cam
108 1801 161 1881 agi
178 1801 329 1880 desierint,
354 1823 412 1864 nou
429 1802 516 1866 facile
533 1803 672 1885 expedire
689 1804 767 1881 licet,
785 1803 843 1865 nisi
861 1807 899 1866 ad
916 1805 991 1866 hanc
1007 1802 1087 1867 litem
1105 1803 1247 1865 dirimen-

19 1894 94 1954 dam
112 1890 287 1952 auctoritate
303 1899 421 1952 utamur
436 1891 554 1953 concilii
570 1889 827 1970 Carthaginiensis
845 1913 910 1954 cao
927 1891 980 1955 41.
988 1894 1090 1974 ‚quod
1107 1891 1246 1970 decrerit,
1366 1954 1368 1962 ,

17 1987 54 2039 ut
73 1986 266 2040 sacramente
282 1978 385 2041 altaris
402 1979 519 2042 nonnisi
537 1979 678 2062 ajejunis
695 1980 863 2042 homiuibus
881 1980 1108 2054 celebrarentur,
1125 1988 1248 2060 excepto

19 2068 72 2130 die
94 2065 298 2128 anniversario
316 2066 465 2146 (viridium
481 2067 595 2130 scilicet
611 2066 729 2130 nomiae
745 2061 917 2149 appellato),
938 2089 995 2149 quo
1011 2088 1106 2130 coeca
1122 2089 1148 2131 s.
1164 2065 1248 2130 cele·

21 2157 143 2218 bratur.
181 2153 279 2234 Qua
270 2175 304 2214 ιιι
327 2155 540 2218 consuetudine
557 2155 712 2218 recentiori
737 2159 839 2220 umbra
859 2156 1000 2219 remansit
1015 2155 1130 2238 pristini
1147 2154 1248 2230 moris,

21 2263 122 2323 equa
148 2241 249 2320 colligi
273 2252 386 2322 potest,
414 2240 483 2304 olim
507 2253 574 2324 post
597 2263 714 2325 agapas
734 2264 848 2305 sacram
874 2263 995 2306 coenam
1019 2253 1143 2305 auratam
1170 2259 1247 2306 esse.

21 2331 98 2409 Quo
116 2327 196 2390 enim
213 2328 271 2392 alio
288 2329 414 2391 consilio
430 2331 494 2392 dies
510 2330 645 2393 uiridium
663 2338 804 2412 exceptus
822 2339 875 2409 ιιι,
902 2351 987 2412 quam
1005 2329 1069 2407 illo,
1086 2340 1117 2390 ut
1132 2327 1247 2410 pristini

23 2416 121 2480 moris
138 2417 280 2478 memoria
297 2417 493 2480 retineretur?
525 2417 650 2480 Silentia
666 2419 714 2480 bic
731 2418 890 2499 praeterire
906 2438 965 2479 noo
980 2437 1151 2498 possumus,
1166 2415 1247 2478 viros

21 2507 174 2588 quosdam
193 2507 306 2583 doctos,
329 2505 463 2587 interque
479 2507 532 2568 hos
549 2528 586 2568 ιιι
603 2505 815 2568 recentioribus
831 2505 1008 2586 Augustino
1019 2504 1065 2584 **)
1083 2504 1247 2582 dubitasse,

22 2615 99 2655 num
117 2612 235 2673 agapae
252 2614 370 2674 semper
386 2613 451 2655 curu
471 2593 649 2656 eucharistia
673 2595 847 2676 conjunctae
866 2593 976 2656 luerint
1000 2613 1056 2656 uec
1080 2613 1125 2656 ue.
1162 2589 1249 2654 boti-

24 2679 184 2763 quissimis
200 2680 379 2761 temporibus
397 2701 510 2762 agapas
526 2680 613 2744 simul
632 2702 697 2743 cum
714 2701 737 2745 ι.
757 2699 849 2767 coena
860 2682 1025 2744 celebratas
1037 2681 1140 2759 luisse,
1156 2699 1249 2762 supra

23 2767 150 2832 anobis
162 2777 313 2831 ostensum
330 2777 385 2832 est.
407 2769 522 2830 Morem
540 2769 626 2831 etium
643 2770 719 2830 buno
737 2771 913 2849 procedente
930 2780 1059 2850 tempore
1078 2768 1248 2849 plerumque
1315 2847 1319 2854 ⁵
1343 2839 1346 2846 ¹

24 2864 213 2919 reservatum
231 2877 314 2934 esse,
339 2857 461 2923 Patron
475 2857 532 2918 loci
549 2856 698 2919 evincant.
738 2856 812 2918 Cum
836 2877 906 2918 vero
930 2875 1093 2936 agaparum
1118 2853 1192 2914 ritus
1209 2855 1247 2916 ob

23 2943 149 3025 insigne
166 2943 361 3006 ecclesiarum
376 2944 587 3007 incrementum
605 2965 663 3005 non
679 2942 788 3024 ubique
801 2951 829 3004 et
839 2942 942 3024 quovis
959 2953 1088 3022 ternpore
1104 2940 1248 3023 frequen·

23 3033 84 3095 tari
102 3041 221 3114 posset,
246 3031 327 3096 circa
343 3033 470 3094 medium
490 3033 553 3094 fere
571 3051 631 3095 sec.
648 3031 679 3094 2.
696 3030 872 3094 eucharistia
889 3029 975 3092 etiam
991 3030 1056 3093 sine
1072 3027 1178 3110 agapis
1194 3047 1248 3090 oe-

25 3121 145 3184 lebrata
162 3127 219 3182 est.
257 3120 344 3198 Quod
364 3120 479 3202 quidem
498 3142 535 3182 ex
552 3119 659 3182 Justiui
679 3119 766 3182 Mart
788 3116 977 3200 apologia2.
1001 3139 1030 3200 p.
1048 3118 1101 3180 07.
1125 3125 1248 3195 constat,

27 3209 91 3290 qui,
113 3207 174 3270 etsi
191 3207 344 3270 Romanae
361 3210 557 3270 tantummodo
576 3207 722 3270 ecclesiae
738 3227 833 3268 mores
851 3206 1009 3284 describat,
1033 3214 1128 3268 tamen
1147 3213 1248 3266 osten·

28 3296 87 3374 dit,
112 3295 168 3356 illo
192 3305 322 3376 tempore
348 3296 433 3358 etiam
459 3295 525 3357 siue
548 3295 654 3376 agapis
680 3297 848 3357 adornatam
865 3294 1003 3359 luisses.
1022 3311 1153 3356 coenam.
1169 3291 1249 3354 Dicit
1282 3331 1295 3357 ,ι

28 3383 128 3447 enim.
153 3378 248 3444 ιιαις
229 3370 370 3488 ητροφὴ
392 3372 474 3488 uiirrp
498 3385 636 3446 καλειται
660 3376 731 3463 παρ’
757 3377 833 3463 ἡμῖν
844 3376 1045 3488 εὐχαριστία.
1068 3375 1105 3444 ori
1128 3365 1185 3462 γὰρ
1207 3373 1249 3449 oie

27 3459 137 3533 κοινὸν
153 3462 266 3552 ἄριοι,
292 3464 365 3532 οὐδὲ
388 3491 494 3532 aurcos
516 3459 603 3547 πόμα
625 3467 727 3530 ταῦτα
749 3461 958 3552 λαμβάνομεν.
995 3471 1058 3532 Νιι
1082 3467 1248 3545 refragatur

28 3555 251 3634 Tertullianus,
268 3559 503 3639 qui(deeoroo.
521 3557 580 3620 mil.
599 3558 630 3620 3.
649 3578 679 3638 p.
697 3557 784 3638 102)
803 3557 862 3620 ait:
895 3555 1249 3636 „Eucharistiaesaera-

26 3656 160 3708 mentum
178 3654 205 3707 et
220 3645 252 3708 in
268 3655 397 3727 tempore
414 3646 509 3709 rietus
526 3656 554 3708 et
570 3644 706 3708 omuibus
719 3647 889 3715 mandatum
906 3655 984 3707 esta
1001 3641 1137 3716 Domine,
1162 3639 1249 3702 etiam
1377 3671 1380 3677 ·
1432 3631 1435 3640 '

29 3733 238 3796 auteculauois
255 3735 419 3796 coetibus.“
441 3733 489 3796 Ex
507 3733 614 3814 quibus
632 3730 696 3795 sule
714 3732 873 3795 meridiano
888 3732 999 3794 elarius
1015 3738 1146 3812 apparet,
1162 3727 1249 3809 plana

29 3821 220 3884 arbitrarium
236 3821 342 3897 foisse,
358 3831 454 3883 utrum
472 3831 600 3902 tempure
618 3821 711 3884 rictus
727 3821 757 3883 h.
770 3841 796 3884 ιι
813 3821 863 3882 ubi
880 3839 995 3902 agapae
1011 3816 1249 3893 instituebantur,

30 3919 58 3973 ot
73 3910 117 3972 ita
133 3931 172 3973 ex
188 3930 270 3972 mora
287 3908 414 3991 pristino
426 3918 499 3990 post
515 3928 638 3990 agapas,
655 3927 694 3969 au
710 3929 778 3970 vero
797 3919 879 3992 ιιιιιιι
896 3925 958 3982 ιιι,
974 3903 1160 3970 auteculauiu
1176 3925 1247 3970 coos

29 3997 130 4074 tibus,
154 3997 206 4060 ubi
224 3998 298 4062 baec
314 3996 449 4060 convivia
470 3995 587 4060 minime
603 3999 745 4060 edomata
761 4005 847 4074 suut,
872 3993 1051 4059 eucharistia
1073 4001 1248 4058 sumeretur.

29 4085 172 4170 Cypriaci
190 4085 371 4168 temporibus
384 4085 444 4168 jam
463 4084 492 4146 iu
509 4083 607 4166 legem
624 4083 734 4146 abiisse
750 4083 875 4166 ridetur,
892 4093 925 4146 ut
938 4083 1004 4146 sinc
1016 4081 1122 4165 agapis
1136 4079 1248 4145 eueha-

95 4341 123 4412 *)
144 4341 331 4397 hanah-Tum.
354 4341 375 4396 l.
396 4342 429 4411 ad
448 4339 571 4395 cumbi.
594 4356 663 4394 oum.
685 4339 731 4396 1³1
752 4357 787 4400 ι.,

98 4447 145 4514 **)
165 4445 430 4513 Denhwiirdigkeiten
449 4445 470 4498 Ι.
489 4463 516 4516 p.
537 4447 654 4564 tetra,
