2968 4896
400 33 410 66 b

153 205 297 305 mlx(
320 239 458 354 Tbeopb.
473 239 618 326 Seblogol
632 245 671 308 da
684 260 846 326 agapamrm
860 249 956 308 a'etato
971 205 1141 327 apostolica.
1192 244 1255 314 ll!
1300 217 1302 222 Ι

42 416 128 480 otiam
144 417 276 496 guader
292 435 347 480 sos
361 415 522 498 rinmunt,
546 419 624 500 qnod
640 417 740 500 appeti
756 419 849 500 probo
863 417 959 482 lton·
976 418 1256 500 onagrosatiooibu

41 504 88 566 bis
112 503 270 568 nolendum
285 524 322 568 an
338 503 544 568 celebrandum
561 525 619 568 noa
644 515 847 570 reserarentur
869 513 899 570 at
914 527 1060 588 pauperes
1075 509 1254 572 erubescam

41 591 176 654 fortunae
193 611 268 654 suae
284 603 439 671 cogerent,
463 593 548 675 quasi
563 595 665 656 domos
683 615 742 658 non
763 594 922 673 baberent,
945 595 996 658 ubi
1013 603 1147 658 saturano
1161 594 1256 656 boae

42 680 116 741 stins
134 678 284 742 desiderio
300 689 422 762 naturae
444 690 575 762 possm.
613 681 708 762 igitur
723 679 938 744 Corinthiorum
960 681 1172 764 possiumus,
1196 701 1255 744 soa

42 787 156 848 agapae
171 766 256 853 ipsae
279 768 317 829 ab
340 768 473 848 apostolo
501 768 713 850 inprobantur.
730 769 839 850 ,Amne
853 769 894 832 ita
908 770 986 832 buno
1002 768 1098 832 locam
1118 765 1255 850 explicat,

42 857 126 936 onjns
144 854 368 918 commentarios
389 854 420 916 io
444 855 585 937 epistolas
603 856 687 920 Pauli
705 856 1013 938 perperamanosnulli
1028 855 1183 920 Ambrosio
1200 855 1255 920 tri-

41 945 153 1018 buunt,
176 942 311 1004 Hilarius
325 942 495 1020 Diaconos,
520 944 568 1026 qui
586 944 703 1008 disertis
719 943 817 1008 vorbis
833 944 893 1006 ait:
916 947 990 1008 dani
1013 947 1095 1008 ltosro
1110 949 1255 1026 onimium

40 1052 124 1092 auom
138 1051 263 1106 msam,
283 1051 341 1092 non
362 1037 392 1092 in
415 1033 542 1110 molam,
568 1034 615 1094 abi
629 1038 754 1094 nouitatis¹
770 1043 797 1093 et
816 1039 940 1108 maurit
953 1053 1040 1094 onaan
1055 1038 1254 1111 eumden

41 1140 96 1178 noo
112 1120 298 1180 damnaberis
312 1127 338 1180 ot
352 1124 465 1180 ιιιιιιιὶι.
487 1119 561 1182 Nam
575 1118 659 1180 doni
672 1129 750 1182 route
766 1139 853 1182 snum
871 1118 994 1201 quiquo
1010 1139 1127 1182 sumere
1142 1125 1254 1200 potesta

40 1205 70 1270 in
88 1203 220 1267 eeclesia
239 1225 323 1282 rem,
349 1204 401 1266 ubi
415 1203 517 1268 fideles
532 1205 793 1269 adencbaristiam
808 1206 840 1268 in
856 1227 1008 1270 commuue
1025 1205 1254 1288 participandam

41 1292 231 1368 conveniunt,
252 1291 341 1354 allato
357 1292 474 1374 proprio
490 1292 555 1356 eibo
574 1293 663 1370 rusci,
682 1293 825 1356 dissidere
842 1315 859 1356 a
876 1293 1058 1374 pauperibus
1075 1301 1129 1370 est,
1147 1293 1254 1374 auibus

40 1380 142 1460 inopia
158 1377 238 1442 volnt
255 1383 464 1460 exprobratur,
490 1390 519 1442 et
535 1379 655 1462 exploro
678 1391 825 1457 ventrem,
847 1381 894 1442 eni
918 1384 1063 1442 donantur
1080 1381 1192 1458 omnia,
1217 1383 1254 1444 de

41 1468 152 1548 quibus
163 1466 386 1548 impartiendum
401 1467 581 1548 pauperibus
596 1478 668 1530 erat.
691 1468 726 1528 ln
741 1468 876 1528 burnonis
890 1467 976 1530 etiam
989 1466 1130 1530 maniciis
1141 1487 1254 1548 aequa-

40 1555 108 1616 litas
124 1556 310 1618 obsecranda
327 1563 389 1630 est3
406 1575 465 1636 quo
481 1555 607 1636 portium
622 1551 696 1616 illud
712 1553 823 1618 Pliniia
854 1555 921 1616 Nou
938 1556 976 1616 ad
993 1565 1090 1621 notam
1107 1554 1255 1633 agitentur

43 1641 187 1707 convivia.
224 1641 302 1720 Quis
318 1641 348 1703 in
367 1640 419 1703 illu
436 1642 532 1704 divino
550 1653 578 1704 et
594 1642 722 1704 omnium
739 1640 953 1721 angustissimo
973 1641 1106 1703 cousinio
1124 1661 1183 1704 nos
1198 1655 1254 1709 te·

44 1737 141 1792 reatus
155 1730 274 1792 omnino
290 1729 446 1809 praeterire
464 1750 608 1810 pauperes
625 1741 653 1791 et
669 1751 769 1791 eornm
787 1728 894 1790 iamenu
913 1730 1054 1790 acerbare
1071 1731 1185 1791 demum
1201 1747 1255 1791 sa·

40 1818 140 1878 tietate
156 1818 237 1880 aua‘t
268 1816 302 1877 ld
319 1817 349 1878 in
366 1827 477 1878 tantum
494 1817 607 1898 culpari
625 1818 721 1893 debet,
737 1817 767 1878 iu
786 1823 925 1897 qnantum
941 1815 1110 1878 fraternitas
1126 1818 1162 1877 ad
1178 1835 1253 1878 oon·

39 1903 199 1968 sortionem
216 1914 246 1967 et
261 1915 473 1967 sacramentnm
491 1923 601 1968 coenae
617 1907 653 1966 ad
677 1903 862 1966 sobrietatem
887 1923 923 1965 ao
941 1903 1146 1965 continentiam
1165 1902 1253 1966 cbri-

39 1993 155 2055 stianos
181 1991 318 2070 deminuit.
356 1993 439 2056 llaec
463 2011 533 2054 vcra
550 2003 595 2054 est
618 2002 647 2054 et
671 1989 801 2072 genuina
824 1993 977 2052 verborum
995 1991 1080 2054 Pauli
1098 1989 1253 2070 sententia,

39 2101 127 2162 quam
145 2081 170 2143 J.
186 2078 405 2159 Limetanus,
430 2088 463 2148 rt
485 2079 581 2142 locum
606 2082 694 2141 oredo
711 2079 822 2140 laceret
844 2078 966 2140 somniis
990 2077 1073 2156 suis,
1096 2077 1253 2140 iabuiaodo

39 2178 164 2230 conatus
180 2175 227 2230 est
243 2178 380 2231 evertere.
411 2166 539 2228 Primum
557 2175 646 2247 negat
661 2166 859 2247 apostolurum
875 2165 1055 2245 temporibus
1072 2167 1126 2228 bas
1141 2176 1254 2246 agapas

38 2257 68 2316 in
84 2277 142 2318 usu
157 2254 265 2317 fnisse.
293 2253 383 2330 Cedo,
400 2254 507 2335 quibus
523 2255 703 2335 argumentis
720 2251 841 2332 colligit,
857 2273 914 2314 oon
932 2253 1051 2315 inisset
1076 2253 1254 2330 Argumenta

38 2343 141 2418 unllo;
166 2352 296 2406 aeterum
313 2362 388 2404 nova
411 2341 499 2422 plane
516 2343 564 2404 ria
587 2352 615 2404 et
638 2341 769 2403 intendite
786 2341 908 2403 ratione.
947 2340 1100 2416 Quaenam
1117 2337 1170 2400 illa
1184 2340 1253 2402 asti

38 2433 220 2512 bgoparnm‚
239 2431 275 2492 do
292 2429 398 2510 quibus
413 2430 505 2492 ludas
522 2429 660 2510 loquitur,
677 2425 1006 2507 aliam'desuriptlonesu
1022 2426 1251 2507 subjecitatqne

37 2519 77 2580 ita
95 2521 219 2600 putabat
235 2516 359 2580 lectores
372 2517 510 2578 continuo
523 2517 578 2578 sibi
595 2517 759 2578 credituros
774 2535 850 2591 osse,
864 2515 1042 2595 temporibus
1055 2513 1253 2594 apostolorum

39 2625 152 2686 agapas
170 2622 242 2681 eas,
268 2604 425 2685 dequibus
447 2623 507 2666 nos·
521 2604 569 2666 hi'o
592 2603 755 2685 loquimur,
779 2625 837 2664 usu
854 2604 981 2664 nondum
998 2611 1131 2681 receptas
1147 2599 1252 2662 luisse.

39 2694 165 2770 Nescio.
175 2712 251 2774 uuae
265 2692 409 2754 bominem
423 2693 462 2754 ab
472 2691 623 2753 intellectu
639 2691 698 2751 reri
715 2689 880 2769 seposuerit
895 2709 972 2752 sene
987 2691 1148 2769 persuasio.
1170 2687 1253 2752 Con-

40 2785 181 2842 cedamns
199 2778 397 2854 orimnorum
416 2777 724 2859 significasseagapas
736 2773 827 2851 alias,
842 2795 1036 2857 quascunque
1052 2779 1166 2837 tandem
1183 2773 1253 2838 libi-

38 2877 96 2930 tnm
113 2867 152 2932 sit
169 2865 328 2944 cogitando
343 2866 474 2946 fingere:
493 2873 646 2946 propterea
661 2859 720 2925 non
738 2863 870 2943 seqnitur
885 2862 950 2939 hoo,
968 2865 1043 2944 qnod
1055 2861 1252 2941 Ligbtlootins

38 2974 180 3038 perquam
199 2952 347 3016 subtiliter
361 2953 430 3016 iada
446 2948 602 3028 concludit,
626 2951 818 3032 sequentibus
835 2952 951 3012 demum
971 2949 1150 3028 temporibus
1166 2946 1253 3008 tonsu
1320 2957 1324 2963 “

37 3055 115 3106 tutas
132 3043 231 3106 inisse
247 3061 363 3122 agapas
378 3039 603 3124 enobaristieaa.
640 3041 695 3101 list
711 3039 786 3100 cuim
803 3057 851 3098 res
871 3047 961 3111 certa,
974 3036 1090 3116 primos
1105 3034 1271 3096 cornisam·

38 3153 91 3194 nos
107 3128 318 3194 anabaustiar'n
329 3137 479 3192 sumturus
496 3126 668 3190 celebrasse
683 3143 856 3187 communes
868 3123 1010 3185 iratribus
1027 3122 1148 3203 epulasp
1166 3141 1252 3203 quae,

38 3231 68 3280 nt
84 3219 184 3280 desint
201 3215 289 3280 bodie
305 3216 480 3296 scriptores,
506 3215 556 3297 qni
573 3235 633 3278 nos
649 3217 774 3276 doceant
782 3197 892 3293 ‚·‘quod
910 3208 981 3272 illae
998 3209 1132 3292 primitas
1147 3228 1252 3270 nomeu

39 3306 204 3376 habuerint,
222 3324 259 3367 on
275 3324 310 3367 eo
327 3313 422 3365 tamon
439 3303 528 3365 sideri
546 3311 670 3384 possunt
686 3319 801 3382 agapae
815 3301 876 3381 jam
890 3307 950 3360 tum
968 3297 1133 3360 nominatae
1149 3295 1253 3374 inissa,

39 3398 113 3475 quod
134 3405 164 3456 ct
183 3391 276 3456 altero
294 3392 389 3453 statim
409 3390 560 3472 postocbr.
575 3413 605 3452 ιι.
629 3389 731 3452 seculo
757 3388 842 3466 istius
865 3386 992 3448 nominis
1016 3387 1157 3466 frequens
1180 3403 1253 3445 usus

37 3479 164 3544 incaluit
179 3501 277 3561 neque
292 3479 407 3540 ostendi
426 3489 529 3558 potest,
548 3477 629 3540 uliud·
646 3474 764 3558 proauo
782 3489 889 3536 numen
903 3485 1076 3550 usurpatum
1094 3473 1131 3533 ab
1149 3471 1253 3533 aetatis

38 3568 223 3652 apostolicae
238 3567 405 3628 bominibus
422 3565 529 3627 inisse.
552 3567 626 3628 Nam
641 3565 716 3646 quod
728 3561 925 3643 Ligbtlootins
943 3561 992 3634 ait,
1009 3555 1134 3620 Paulnur
1153 3577 1254 3637 repre·

37 3659 169 3720 bendere
185 3654 352 3718 Cosintbioa
370 3657 407 3714 ob
432 3654 513 3732 ipsus
530 3653 599 3714 illas
618 3650 739 3732 epulas,
765 3671 824 3711 non
847 3649 888 3709 ita
905 3645 994 3710 multo
1012 3653 1094 3726 post,
1119 3665 1207 3724 qoam
1224 3643 1253 3703 id

39 3753 116 3807 rante
134 3743 224 3816 dicat,
240 3742 414 3804 ridebimus.
435 3740 492 3802 llio
504 3741 589 3802 nobis
605 3739 835 3801 comnrouendns
852 3743 905 3808 est,
923 3732 1075 3814 epularum
1091 3731 1152 3792 beri
1165 3747 1254 3792 men·

40 3833 145 3894 tionem
171 3828 243 3892 aliis
263 3849 377 3910 qnoque
403 3829 432 3888 in
457 3827 547 3904 locis,
572 3827 623 3890 nbi
648 3845 769 3908 prorsas
794 3824 899 3884 missae
924 3821 1077 3881 faciendae
1097 3827 1165 3880 snut
1188 3817 1253 3898 ejus

41 3921 114 3982 istae
132 3937 245 3982 suavos
263 3916 374 3994 ingenii
389 3917 469 3996 justo
486 3913 608 3994 lougius
626 3911 817 3994 exspatiantis
835 3907 970 3987 ineptiae.
1003 3907 1181 3983 eraerinsas
1197 3925 1254 3966 au·

41 4017 94 4069 terr
111 4011 147 4069 dc
165 4017 225 4069 tarn
241 4003 343 4068 solerti
365 4004 427 4065 siro
438 4001 494 4084 ipsi
510 4001 655 4064 acuminis
672 3997 830 4062 obtusioris
847 3995 992 4076 planeque
1005 3993 1092 4067 tardi,
1110 4014 1171 4069 cur,
1189 4013 1254 4055 onas

38 4094 151 4158 Paulos
169 4094 239 4156 illas
256 4091 357 4173 epulas
374 4091 534 4171 vituperet,
560 4109 611 4151 eas
627 4087 817 4149 nibilominus
833 4087 928 4144 tamen
945 4081 1071 4143 ccclesia
1089 4081 1187 4161 prisca
1204 4099 1255 4142 ue*

38 4183 183 4246 tinueriti
223 4181 289 4243 lloc
311 4180 378 4260 ipso
397 4178 490 4249 enim,
513 4179 591 4258 qnod
616 4175 750 4249 retinnit,
775 4171 947 4252 agnoscitur
964 4170 1183 4249 comprobasse.
1214 4165 1255 4227 *Si
1292 4187 1296 4192 ·

38 4269 250 4352 comprobavit,
268 4267 356 4330 utiles
371 4265 533 4346 judicabat.
556 4265 588 4328 Si
605 4259 697 4324 utiles
711 4271 803 4334 erant,
821 4258 891 4339 quid
905 4257 936 4318 iu
954 4257 1124 4319 niceratus
1139 4256 1254 4317 tandem

38 4356 259 4440 reprebenditi·
275 4353 324 4430 ¹Si
338 4353 421 4416 diues
437 4352 519 4433 ipsas
535 4351 647 4433 epulas,
673 4349 748 4425 ride,
772 4359 842 4428 unet
857 4345 943 4408 nodis
957 4357 987 4406 te
1006 4344 1192 4406 constrictum
1209 4351 1255 4400 te·-

39 4465 173 4512 ncamns.
204 4441 495 4544 Sinzdoristbiornm
513 4460 622 4523 possm
635 4457 743 4516 mores,
761 4432 869 4518 quibus
885 4432 955 4498 illas
975 4431 1078 4516 epulas
1093 4432 1253 4494 dedecora·-
