2944 4898
192 195 237 267 nt
588 195 709 268 xxxu.
751 195 1003 298 tenesmum

193 395 273 438 mum
289 371 426 453 conferri,
442 370 523 439 iubet
539 378 765 438 constitutionum
782 376 998 456 apostoticarum
1012 377 1117 436 auctor
1128 365 1169 452 *).
1197 366 1313 440 carus
1327 385 1410 446 wo,

193 483 232 526 ne
248 464 350 524 horum
367 470 507 528 staturum
525 469 685 542 temporum
703 461 848 545 ejusmodi
863 461 1004 527 rationem
1021 457 1051 522 in
1069 458 1231 526 orthodoxa
1247 454 1332 522 illins
1344 454 1411 526 aeui

195 549 323 614 eeclesia
341 548 467 615 habitam
484 547 578 611 fuisse
595 552 715 626 eredas,
739 550 801 612 acsi
818 560 875 612 tom
892 560 990 618 arctae
1007 544 1195 628 necessitatis
1212 554 1293 613 emon
1309 563 1412 612 οοοιιι

195 636 399 718 observantie,
422 647 455 700 ut
479 657 531 718 per
555 637 703 700 residuam
721 637 790 700 anni
813 637 954 704 uertentis
969 633 1219 716 intercapedinem
1233 635 1347 712 abaco
1364 631 1414 698 ias

195 725 274 804 signi
291 724 448 804 religiosae
465 725 580 806 pietatis
596 725 751 788 uiolatione
768 725 879 788 institui
896 746 955 786 non
972 735 1070 807 posset
1085 721 1224 804 baptismi
1239 720 1415 785 celebratio.
1464 767 1465 818 p

194 812 338 878 Nimirum
356 811 386 872 iu
404 822 514 876 tuntum
530 815 632 876 aberat
647 832 729 876 mens
747 814 835 890 lruec,
860 823 894 877 ut
910 813 1007 895 potins
1024 821 1218 889 assereretur,
1242 808 1415 876 interiorem

196 899 302 977 animi,
327 919 386 982 qua
402 899 539 980 baptismi
556 900 741 962 candidatum
758 901 930 964 instructum
950 921 1017 964 esse
1034 909 1194 982 oporteret,
1218 896 1348 962 indolem
1365 896 1416 960 bie

196 987 322 1054 maxime
338 988 368 1048 in
386 1008 506 1050 censum
522 987 621 1050 uenire
639 988 817 1070 majorisque
834 1007 901 1052 esse
918 988 1068 1070 ponderis,
1085 1009 1172 1070 qnam
1186 999 1325 1053 externas
1340 997 1416 1050 tem-

196 1075 276 1158 poris
294 1075 545 1158 circumstantias,
569 1076 640 1158 quin
664 1075 723 1138 ime
740 1076 921 1157 ingenuum,
946 1076 1006 1140 tuci
1030 1086 1178 1156 expertem
1203 1086 1232 1140 et
1254 1073 1416 1136 candidum

97 1200 100 1206 ,
196 1161 364 1244 baptizandi
381 1161 524 1241 animum,
550 1184 609 1224 nun
627 1164 784 1245 temperis,
811 1186 868 1246 quo
894 1164 1072 1245 tingeretur,
1099 1161 1283 1228 festivitatem
1301 1161 1331 1224 in
1348 1162 1416 1225 fero

198 1247 318 1314 coelesti
337 1260 474 1331 punctum
490 1251 578 1328 ferre,
595 1271 679 1333 qoam
698 1252 774 1332 piam
790 1263 818 1314 et
834 1260 965 1319 sanctam
983 1251 1126 1316 ecclesiae
1144 1247 1317 1319 sementum
1334 1249 1418 1312 Ter*

197 1335 340 1400 tullianus
357 1339 478 1419 egregie
496 1350 523 1401 et
540 1360 608 1404 rere
632 1339 793 1422 apostolice
811 1340 1080 1421 interpretatur**).
1121 1337 1263 1417 Quaestio
1282 1339 1319 1401 de
1337 1340 1417 1403 luco.-

196 1427 316 1488 ubinam
335 1426 414 1488 hisce
431 1427 611 1507 temporibus
629 1427 792 1508 baptismus
809 1428 951 1491 celebrari
976 1425 1082 1492 solitus
1096 1427 1209 1493 fuer-itt
1237 1425 1306 1491 nibil
1321 1421 1415 1504 plane
1465 1449 1466 1454 ¹

196 1513 310 1596 negotii
334 1515 431 1578 labet.
468 1515 602 1596 Namque
626 1516 774 1596 primaeva
797 1515 853 1580 hue
869 1525 964 1580 aetate
982 1514 1118 1596 lnaptinmi
1143 1524 1240 1579 aetum
1257 1531 1312 1578 non
1330 1521 1415 1576 certo

198 1603 313 1664 cuidam
332 1601 398 1667 loco
415 1603 620 1684 conspicamur
636 1599 818 1668 adstrictum.
842 1603 985 1685 Apostoli,
1002 1602 1096 1684 pronti
1112 1601 1226 1666 ferebat
1242 1599 1418 1682 opportuni-

197 1698 254 1767 tas,
272 1689 446 1771 baptismum
463 1691 676 1772 largiebantur.
716 1693 791 1757 Diuo
809 1692 957 1756 Seruatori
976 1691 1160 1772 praemissus
1175 1690 1324 1757 lebannes
1339 1689 1419 1769 bop-

198 1777 308 1840 tizabat
324 1777 354 1838 in
371 1780 516 1854 iordane,
541 1778 695 1860 Philippus
719 1781 884 1850 eunuchum
904 1780 936 1842 in
952 1779 1127 1856 solitudine,
1151 1775 1263 1848 Paulus
1286 1779 1420 1840 carceris

200 1869 349 1930 custodem
367 1867 454 1945 durni,
470 1867 586 1945 Petrus,
602 1868 645 1930 nti
655 1867 861 1930 Tertullianus
879 1868 931 1951 (de
946 1869 1026 1948 bapt.
1035 1866 1067 1930 4.
1081 1887 1111 1948 p.
1121 1865 1212 1944 460.)
1228 1864 1325 1942 tradit,
1344 1885 1421 1928 een·
1465 1895 1466 1910 ι

197 1976 299 2017 versos
317 1975 387 2015 snos
403 1954 536 2032 tingebat
552 1954 582 2015 in
600 1954 716 2016 Tiberi.
753 1955 916 2018 Libere-ime
939 1955 1030 2036 igitur
1052 1956 1109 2016 bac
1131 1953 1162 2016 in
1186 1975 1234 2030 re,
1258 1957 1296 2017 als
1314 1973 1420 2018 aarum
1465 1913 1466 2002 l

199 2061 316 2122 queque
333 2061 472 2117 excessu,
490 2041 540 2101 diu
556 2039 735 2121 multumque
752 2053 859 2104 actum.
892 2043 1134 2124 Quandoquidem
1150 2041 1237 2123 primi
1253 2061 1420 2104 successo·
1463 2028 1466 2052 ¹

197 2149 257 2202 res,
274 2139 496 2208 praeceptorum
514 2128 651 2210 uestigiis
666 2130 799 2210 pressius
816 2131 985 2194 insistentes
1004 2127 1035 2194 et'
1049 2129 1225 2206 seruatoris,
1250 2129 1300 2210 qui
1318 2131 1422 2210 bapti-

199 2217 310 2278 zandos
328 2235 406 2296 aqna
422 2213 540 2280 lustrari
558 2225 759 2297 praeceperat,
776 2218 874 2281 uerbis
890 2218 1063 2299 simpliciter
1077 2218 1274 2295 inhaerentes,
1293 2217 1422 2298 religio-

199 2324 261 2366 sam
280 2302 456 2365 ablutionem
476 2304 604 2384 undique
621 2299 753 2384 gentium
771 2311 799 2368 el
816 2328 852 2372 ex
869 2307 946 2368 omni
966 2317 1065 2390 parte,
1090 2306 1141 2368 ubi
1165 2305 1256 2388 hujus
1281 2304 1421 2368 elementi

200 2392 286 2474 copia
303 2394 436 2470 dabatur,
456 2394 645 2474 peragebant.
676 2392 754 2456 Hine
773 2393 908 2476 baptismi
925 2397 961 2456 ad
978 2395 1079 2472 maria,
1095 2393 1225 2474 flumina,
1242 2393 1332 2469 risos,
1348 2393 1421 2456 ion-

199 2489 261 2558 ias,
287 2487 410 2560 stagna,
435 2479 599 2560 laeuam).
643 2479 859 2562 Simpliciurem
884 2483 962 2548 hune
984 2481 1150 2564 baptizandi
1175 2503 1285 2550 morem
1310 2483 1422 2546 lustini
1466 2549 1467 2560 ,

199 2567 289 2630 Mart.
307 2579 334 2629 et
350 2565 530 2630 Tertulliani
546 2576 641 2632 aetate
657 2568 754 2630 adhue
772 2570 914 2650 uiguisse,
937 2571 1082 2649 dictionis,
1101 2591 1159 2652 qna
1174 2570 1205 2632 in
1222 2571 1422 2634 describenda
1466 2581 1467 2590 ¹

200 2654 340 2716 uniuersa
357 2654 493 2734 baptismi
510 2656 624 2718 actione
640 2667 770 2734 utuntur,
788 2660 889 2720 modus
907 2659 992 2720 nobis
1011 2661 1169 2740 persuadet
1179 2657 1226 2738 †).
1263 2659 1350 2722 Certe
1367 2680 1422 2720 se-

201 2741 359 2826 quentibus
376 2744 490 2804 demum
509 2744 686 2826 temporibus
703 2745 879 2828 baptismum
892 2747 928 2808 ad
942 2745 1085 2812 ecelesiae
1102 2746 1273 2828 baptisteria
1290 2745 1422 2810 adstric-

200 2841 260 2906 tum
279 2829 533 2912 deprehendimus.
567 2869 606 2880 -
643 2832 672 2916 b.
698 2837 729 2898 8.
763 2835 928 2898 lnillerum
947 2835 1072 2916 deniqne
1091 2835 1215 2914 rituum,
1239 2835 1422 2916 quiinaeui

203 2957 430 2974 m·

201 3055 309 3104 excerpe
330 3040 453 3100 singulos
476 3041 650 3090 solemnitates
670 3041 802 3092 notionum
827 3043 898 3092 etin
917 3031 1122 3104 ordinentur,
1146 3047 1312 3106 pentecostes
1331 3042 1423 3108 (quin-

201 3111 325 3175 quaginta
344 3109 442 3160 dierum
460 3111 585 3176 spatium)
610 3111 716 3173 implere
735 3127 786 3158 ιιαα
803 3120 935 3175 poterunt.
972 3110 1071 3164 Festivi
1090 3111 1196 3176 iusuper
1214 3111 1363 3178 paschalis,
1393 3113 1422 3164 in

200 3171 378 3244 pentecostile
397 3193 478 3242 nsque
496 3184 596 3243 tempus
615 3179 750 3243 protracti,
771 3179 868 3244 gaudii,
888 3180 914 3232 in
931 3187 991 3232 ente
1004 3187 1146 3234 memoratu
1163 3180 1332 3243 ramnericus
1347 3196 1423 3246 mg·

201 3261 260 3296 nom
279 3251 378 3310 purtem
396 3245 538 3310 conspicui,
559 3246 733 3296 testimenium
751 3262 838 3298 sumus
854 3265 887 3300 ex
904 3249 1004 3313 eudem,
1023 3250 1056 3298 de
1072 3265 1158 3304 coron.
1175 3250 1251 3302 etta.
1267 3249 1294 3302 3.
1314 3265 1339 3316 p.
1352 3251 1422 3304 nti:

202 3315 243 3361 die
261 3313 385 3360 dominico
396 3313 531 3380 jejunium
547 3313 624 3378 nefas
642 3315 758 3365 ducimus
776 3318 818 3366 vol
834 3317 1010 3382 dependendis
1028 3319 1149 3370 odorare.
1183 3317 1284 3374 Eadem
1302 3319 1425 3370 tama·

200 3387 256 3440 tate
275 3397 293 3427 α
312 3380 354 3428 die
366 3380 482 3444 pusulae
500 3382 527 3430 ιά
541 3389 704 3445 pentocostes
722 3401 803 3452 eosque
822 3388 977 3451 gaudemus.
1068 3405 1088 3428 ··

271 3446 299 3528 *γ
321 3447 353 3513 5,
376 3449 417 3500 19.
441 3449 508 3514 apud
530 3449 739 3502 Cuteleriurn
764 3453 838 3520 (torn.
858 3456 882 3508 1.
906 3465 978 3522 patr.
999 3456 1155 3520 apostaticos
1174 3472 1200 3523 p.
1220 3455 1302 3525 32ss)t
1330 3457 1370 3523 τῷ
1389 3457 1424 3512 dt

202 3519 330 3581 σαββατῳ
352 3518 447 3584 μέχρις
468 3513 708 3587 ἀλεκτοροφωνίας
726 3526 947 3591 παρατείναντες,
969 3521 1185 3588 ἀπονηστίζεσθε
1206 3521 1426 3594 &tumnensium

201 3585 268 3654 μιᾶς
286 3578 444 3650 σαββάτων,
473 3580 529 3650 ἣτις
547 3585 603 3638 ἐστὶ
623 3585 755 3660 suprestis,
785 3586 842 3644 οάιὸ
862 3592 980 3657 ἑσπέρας
998 3589 1048 3654 ἕως
1067 3589 1311 3664 ἀλεκτοροφωνίας
1334 3592 1424 3666 ἄγρα·

202 3651 346 3720 πνσῦντες,
367 3655 413 3708 καὶ
432 3651 600 3709 ἔαὶτὸαῦτὸ
621 3655 652 3710 ἐν
669 3658 700 3729 τῇ
719 3657 847 3727 ἐκκλησίᾳ
868 3655 1125 3746 συναθροιζόμεναι,
1144 3668 1313 3732 γρηγορεῖτε,
1333 3682 1424 3734 προσ.

202 3716 349 3844 εργὸμενοι
366 3724 413 3776 καὶ
431 3717 560 3796 δεόμενοι
578 3727 627 3778 τοῦ
647 3726 729 3794 Θεοῦ,
746 3768 753 3784 .
772 3769 780 3784 .
799 3771 806 3785 .
827 3730 874 3782 καὶ
892 3733 1076 3796 βαπτίσαντες
1093 3749 1173 3802 υμον
1197 3731 1261 3794 τοὺς
1285 3751 1424 3804 κατηχου-

201 3809 223 3864 pt
239 3807 312 3850 νους.

270 3861 314 3923 W)
332 3864 364 3912 de
381 3863 499 3930 baptism.
512 3866 553 3918 1⁹.
574 3881 599 3932 p.
612 3865 678 3918 465:
697 3869 778 3918 omnis
795 3869 850 3919 dies
860 3869 964 3920 Domini
978 3880 1023 3934 est,
1042 3872 1123 3923 omnis
1139 3872 1215 3940 bora,
1232 3882 1424 3941 συντείνηται

202 3929 289 3980 bubalo
306 3931 448 3997 baptismo,
468 3936 493 3984 ri
509 3935 541 3984 eie
557 3935 718 3984 solemnitate
736 3937 851 3998 interest,
872 3938 904 3989 de
921 3941 1016 4001 gratia
1033 3942 1103 3992 tte'iid
1116 3942 1209 4007 refert.

271 3995 330 4062 m)
352 4001 383 4051 do
397 4003 489 4068 quibus
502 4003 684 4060 videusArtrt,
705 4022 810 4066 recogn.
828 4007 888 4062 libr,
909 4009 935 4068 i,
957 4009 1000 4065 ³2.
1022 4016 1050 4062 et
1070 4010 1096 4074 b,
1119 4011 1161 4064 15.
1180 4010 1262 4078 (apud
1282 4010 1422 4064 cotele-

203 4067 289 4188 ρίοοι
317 4077 376 4190 iffi
390 4069 421 4204 )1.
440 4080 513 4138 porr.
538 4073 671 4137 apostolic.
692 4089 719 4140 p.
739 4075 814 4141 558.)
833 4076 896 4128 item
916 4076 1018 4132 Cleua.
1044 4080 1113 4132 loon.
1133 4080 1160 4146 i,
1183 4081 1225 4134 19.
1250 4081 1336 4149 (opud
1357 4097 1427 4134 onn-

222 4151 260 4188 em
299 4174 305 4188 .
379 4175 385 4190 .

271 4151 303 4271 pl)
324 4207 362 4258 ita
380 4208 447 4262 euim
464 4207 618 4276 simpliciter
629 4209 726 4278 ubsque
744 4213 824 4266 ullius
841 4215 893 4266 loei
911 4215 1067 4284 praescripti
1084 4218 1215 4272 mentione
1231 4217 1425 4272 Tertulllu·

203 4291 264 4328 nus
284 4275 316 4326 rie
334 4291 418 4332 coron.
436 4278 509 4332 milit.
528 4278 553 4330 3.
573 4295 599 4345 p.
619 4279 679 4332 341.
701 4281 782 4333 dicit:
803 4299 897 4352 aprunus
915 4287 1018 4336 oddoni
1032 4286 1126 4338 ibidem
1141 4295 1193 4340 oet.
1214 4288 1424 4342 clinatione

202 4347 289 4473 εΜαὶα,
308 4346 423 4466 {persius
441 4346 526 4400 adbuc
544 4349 615 4414 apol.
631 4349 658 4405 2.
679 4366 706 4417 p·
725 4350 775 4408 93:
804 4350 899 4406 ἔπειτα
918 4348 1037 4423 ἄγονται
1054 4349 1101 4424 ὑφ’
1128 4349 1223 4426 ἡμῶν,
1252 4356 1325 4411 ἔνθα
1342 4353 1423 4430 ir'dorp

218 4428 250 4468 στ
280 4429 338 4472 ar.
