2944 4898
178 185 204 252 s
538 177 677 282 ιιιιιιιι.Ι
715 175 758 247 u.
773 173 1030 246 carnaeae
1077 241 1096 293 ,Ι

67 413 73 426 ,
181 353 414 438 negligentiores
429 353 461 416 ia
475 352 698 436 frequentandis
708 353 831 418 fratrum
842 351 1045 428 conventibus,
1063 371 1139 434 quae
1149 371 1240 439 supra
1250 352 1286 418 de
1299 349 1393 415 eueds

183 465 334 511 sacrorum
350 443 531 508 solemnibus
547 443 695 524 disputata
711 451 793 519 suut,
816 441 948 516 abunde,
974 440 1087 520 opinor,
1112 442 1230 518 docent,
1253 438 1394 519 plurimos

184 532 370 596 Christianos
387 531 496 612 ubique
512 530 644 594 locorum
661 516 843 610 sumrubpore
859 527 896 590 iis
913 525 1073 590 delectatos
1085 546 1154 590 esse
1166 537 1193 589 et
1206 527 1278 588 uatis
1292 527 1394 604 crebro

183 619 312 702 publicis
328 617 466 700 precibus
482 637 616 680 vacasse.
639 617 713 678 Nam
726 616 965 696 quemadmodum
983 613 1104 695 quaevis
1120 623 1201 676 aetas
1219 612 1302 692 tollit,
1320 633 1396 694 qnae

183 725 404 788 supervacanea
419 703 538 780 iudicat,
561 705 602 764 ita
618 723 653 764 ea
668 704 863 764 tandummodo
881 700 978 764 condit
994 712 1022 764 et
1037 701 1172 774 instituit,
1197 721 1270 782 qnae
1287 708 1396 764 uece's-
1464 745 1465 788 q

184 795 266 859 saria
280 793 378 868 habet,
401 811 455 852 nec
472 790 612 851 credibile
629 798 682 864 est,
700 797 826 852 veterem
844 787 1009 862 ecclesiam,
1029 809 1087 850 uon
1105 787 1327 868 anagistratuum
1344 807 1395 848 ar·
1464 795 1465 874 l

85 901 89 910 ·
182 881 286 956 bitrio,
311 879 364 938 sed
379 875 443 938 suis
461 873 581 956 legibus
598 885 715 952 rectam,
740 877 851 957 absque
875 875 990 938 idoneis
1016 875 1117 937 causis
1134 885 1283 938 aucturam
1299 875 1395 938 inisse
1464 891 1465 918 ³

182 984 334 1036 sacrorum
350 963 504 1028 solemnia.
526 997 568 1010 -
592 963 707 1034 Deinde
725 960 821 1025 elucet
839 963 1121 1026 Christianornmiu
1138 962 1328 1032 observandis
1344 981 1405 1045 ει·ι
1464 1005 1465 1044 3

101 1105 104 1112 .
153 1107 155 1112 .
183 1052 242 1115 cris
257 1049 365 1130 religio
384 1071 421 1112 ex
438 1071 490 1128 eo,
509 1052 586 1130 quod
604 1049 641 1110 iis
660 1049 733 1111 satis
750 1049 800 1110 diu
817 1069 922 1112 vacare
939 1051 1091 1126 debebant,
1117 1069 1184 1110 nam
1200 1049 1277 1112 sacri
1295 1069 1397 1112 eorum
1440 1049 1442 1054 ’
1464 1077 1465 1090 2

181 1135 343 1215 conventus
359 1158 411 1218 per
428 1137 548 1216 longum
564 1139 718 1212 admodum
735 1146 848 1218 tempus
865 1137 1056 1202 ducebantur.
1090 1136 1206 1200 Initium
1224 1157 1322 1198 eorum
1339 1135 1397 1198 fie—
1464 1177 1465 1184 ι

182 1228 233 1292 bat
247 1245 305 1293 uno
323 1233 352 1286 et
366 1223 511 1286 interdum
530 1223 664 1304 pluribus
682 1223 769 1286 etiam
786 1221 908 1303 psalmis
925 1221 1124 1299 decantandis,
1141 1223 1189 1284 oui
1206 1222 1397 1302 psalmodiae,
1464 1263 1465 1286 ι

180 1309 390 1392 innonpullis
415 1311 567 1386 eeclesiis,
593 1331 695 1389 preces
720 1309 902 1376 intermistae
928 1319 1019 1372 erant.
1059 1309 1266 1389 Sequebantur
1290 1309 1397 1370 deinde
1464 1337 1465 1388 q

107 1444 110 1450 -
181 1398 325 1468 lectiones
343 1397 491 1460 literarum
509 1415 675 1474 sacrarum,
699 1404 728 1458 ct
746 1397 889 1458 interdurn
907 1396 1022 1478 quidem
1041 1404 1098 1457 tres
1114 1405 1276 1475 quatuorve
1294 1399 1398 1457 eadem
1464 1395 1465 1476 q

117 1561 120 1566 Ι
181 1474 319 1562 συνάξει
343 1485 419 1548 iuter
435 1505 509 1566 qnas
526 1505 604 1546 nunc
619 1503 722 1564 preces
739 1483 856 1560 fiebant,
879 1504 958 1544 nuuc
974 1481 1070 1564 hymni
1087 1482 1292 1544 recitabantur.
1318 1482 1396 1566 *Has
1464 1531 1465 1546 ι

182 1571 369 1652 excipiebant
386 1569 542 1649 homiliae,
568 1571 670 1654 prinqis
687 1571 867 1650 temporibus
886 1569 1050 1644 breviores,
1074 1569 1211 1648 posthaec
1235 1568 1398 1648 longiores.
1464 1615 1465 1650 ,

131 1675 137 1684 ⁴
179 1658 297 1724 Dehine
312 1677 417 1741 preces
434 1659 632 1721 fundebantur
648 1679 701 1738 pro
720 1656 945 1733 catechumenis,
967 1655 1182 1734 energumenis,
1205 1653 1398 1734 competenti·
1464 1705 1465 1740 3

180 1749 238 1810 bus
256 1756 284 1808 et
300 1745 528 1827 poenitentibus,
547 1755 575 1806 ct
591 1741 656 1820 tum'
668 1747 781 1806 demum
799 1741 1031 1814 missalidelium
1049 1741 1261 1804 celebrabatur.
1298 1741 1398 1802 Dese·
1464 1793 1465 1828 q

180 1853 248 1896 rere
265 1842 362 1896 autern
380 1832 545 1906 ecclesiam,
562 1841 717 1910 autequam
731 1851 756 1891 s.
774 1850 866 1896 coena
882 1829 1028 1896 celebrata
1044 1837 1130 1904 esset,
1148 1827 1231 1890 nefas
1249 1827 1399 1890 iudicasse
1464 1877 1465 1916 q

181 1920 387 1992 Christianos,
412 1918 520 1985 exindo,
534 1915 605 1977 lieet
620 1915 762 1992 colligere
780 1917 858 1993 quod
876 1914 979 1994 partim
995 1914 1026 1974 in
1042 1914 1221 1993 canonibus,
1246 1915 1295 1996 qui
1321 1935 1398 1994 apo-

182 2002 324 2070 stolorum
340 2023 446 2066 nornen
463 2022 534 2082 prae
551 2021 584 2062 se
601 1998 746 2080 feruut*),
773 2000 876 2080 partim
893 2001 931 2064 iu.
942 1999 1077 2062 conciliis
1093 2001 1252 2077 nonnullis,
1273 2001 1398 2064 sacculo
1426 2071 1428 2078 .

80 2085 81 2092 '
181 2097 285 2170 quarte
301 2087 410 2150 habitis
422 2087 475 2169 **),
493 2087 801 2149 excommnuicationis
818 2107 912 2166 poena
929 2087 967 2148 iis
984 2091 1100 2164 decreta
1118 2099 1170 2168 est,
1188 2089 1247 2169 qui,
1266 2089 1395 2164 nondec-

128 2246 130 2250 .
178 2173 294 2238 lehrata
318 2173 514 2248 eucharistia,
542 2195 557 2234 e
583 2173 775 2236 conventibus
800 2173 944 2236 ecclcsiae
971 2175 1191 2238 discessissent.
1218 2209 1258 2224 -
1292 2175 1397 2256 Neque

180 2283 269 2342 porro
295 2261 469 2340 religionem
494 2260 726 2323 Christianorum
754 2261 784 2320 in
811 2261 904 2324 sacris
929 2263 1397 2334 observandis.demonstraturus

67 2425 71 2430 μ
178 2350 236 2411 hoo
252 2349 339 2410 debet
354 2347 471 2410 silentio
489 2347 733 2428 praetermittere,
758 2351 833 2428 quod
851 2369 971 2413 coenam
992 2370 1106 2412 sacram
1124 2353 1224 2412 crebro
1242 2352 1397 2412 adrrrodum

182 2435 379 2512 celebrarunt.
419 2434 612 2498 lustituebant
635 2433 718 2514 prirui
737 2435 895 2500 Christiani
921 2437 1025 2516 quovis
1050 2437 1095 2498 die
1113 2436 1229 2502 sabbati
1246 2445 1297 2498 aut
1312 2437 1397 2516 solis,

179 2523 236 2584 hac
253 2535 368 2602 quoquo
385 2521 416 2588 iu
434 2542 466 2582 re
481 2543 590 2583 morem
608 2523 798 2598 ludaeorum,
818 2544 874 2602 qno
890 2522 976 2584 sestis
993 2523 1096 2586 diebos
1112 2524 1301 2604 propinquos,
1321 2525 1395 2588 vici-
1464 2581 1465 2618 q

177 2626 235 2668 nos
253 2619 281 2670 ct
297 2607 409 2670 amicos
427 2611 464 2668 arl
481 2629 601 2671 coenam
621 2631 726 2672 vocare
743 2609 891 2684 solebant,
908 2609 1053 2672 imitantes
1064 2609 1137 2688 Ψ),
1157 2611 1289 2673 convivia
1306 2631 1396 2674 sanc·
1464 2671 1465 2694 ,

179 2693 271 2773 tiora,
296 2709 371 2774 quae
388 2715 482 2756 coena
499 2715 585 2758 saera
600 2695 633 2759 in
648 2695 756 2758 Cluisti
773 2696 940 2758 memoriam
964 2698 1140 2768 celebranda
1164 2697 1395 2776 finiebantur†).
1464 2765 1465 2776 q

179 2781 264 2857 Quae
290 2781 404 2861 quidem
429 2802 544 2862 agapae
568 2783 648 2863 (nam
674 2784 718 2844 sic
741 2783 875 2846 convivia
893 2783 949 2846 ista
966 2782 1221 2867 appellabantur),
1246 2789 1282 2847 ab
1309 2785 1394 2847 initio

176 2867 303 2936 forsitan
319 2869 395 2930 inter
413 2869 540 2948 privatos
558 2871 682 2950 parietes
699 2870 831 2946 habitae,
850 2880 960 2934 mature
978 2871 1292 2952 quinquertiones.
1310 2893 1393 2934 coru·
1464 2893 1465 2896 ’

148 2955 317 3044 ¹‚perenibus
336 2955 570 3037 Christianorum
588 2957 850 3038 supplicationibus
867 2955 1154 3038 coniungehanturq'
1169 2962 1243 3039 quod
1261 2963 1320 3022 riou
1337 2961 1394 3022 mi·

104 3109 107 3115 ,
175 3063 241 3102 rum
258 3042 351 3104 videri
367 3053 471 3122 potest,
487 3067 575 3126 quum
592 3045 740 3106 aludaeis
758 3067 873 3125 quoqne
890 3046 1024 3106 convivia
1039 3045 1067 3104 ia
1085 3046 1183 3125 templi
1201 3045 1392 3109 conclavibus
1464 3051 1465 3124 ᾗ

136 3193 139 3201 ,
171 3127 310 3202 ¹instituta
328 3147 395 3187 esse
413 3130 555 3192 sciamus.
595 3132 670 3191 Nava
690 3151 755 3190 eum
773 3130 865 3190 luisse
883 3129 1046 3208 priscarum
1064 3131 1254 3196 ecclesiarum
1273 3155 1392 3218 morem,
1464 3143 1465 3192 1

176 3219 226 3283 ut,
251 3210 339 3274 finitis
364 3231 515 3274 sacrorum
538 3213 736 3288 solemnibus,
762 3232 874 3292 agapas
893 3215 1035 3296 eiusmodi
1059 3217 1241 3282 instituerent
1265 3231 1292 3282 et
1316 3221 1394 3284 inter·
1455 3213 1465 3232 ‘'

108 3301 111 3314 ¹
174 3297 250 3358 haee
266 3295 332 3374 ipsa
349 3297 483 3359 convivia
502 3318 654 3359 scoenae
673 3308 855 3360 saierarnenlo
876 3309 1042 3378 uterentur,
1066 3306 1170 3384 partim
1196 3329 1212 3370 e
1236 3307 1392 3372 notissima
1464 3299 1465 3354 s

175 3381 227 3442 illa
237 3381 326 3442 Plinii
343 3381 542 3462 epistola††),
558 3385 661 3463 partim
680 3383 915 3466 exhpologetioo
926 3389 1187 3473 Tertulliani†††)
1204 3393 1390 3476 intelligitur.
1464 3409 1465 3446 ἐ

78 3541 81 3552 1
151 3473 160 3479 '
175 3468 362 3546 Nequedum,
379 3489 477 3548 quum,
493 3471 579 3532 aucto
591 3469 694 3532 mirum
709 3471 738 3531 in
754 3475 869 3535 modurn
879 3471 1110 3540 Christianorum
1125 3501 1255 3560 horruere,
1273 3495 1389 3564 agapae
1464 3547 1465 3562 ,

174 3553 251 3613 istae
268 3563 319 3616 aut
334 3575 353 3615 a
369 3574 517 3616 sacrorum
530 3556 711 3620 solemnibus
728 3557 889 3639 seiunctae,
907 3574 957 3626 aut
972 3587 1093 3644 prorsus
1111 3566 1244 3630 sublatae
1259 3568 1389 3648 fuerant,
1425 3611 1431 3636 r
1464 3563 1465 3576 ¹

174 3638 263 3700 desiit
278 3659 371 3703 coena
387 3661 472 3704 sacra
490 3645 592 3706 crebro
610 3646 764 3708 adruodurn
783 3647 935 3714 celebrari.
962 3648 1039 3716 'Nam
1057 3657 1225 3736 per'omnes
1243 3655 1388 3722 ecclesias

177 3817 388 3832 m

241 3924 269 3986 *)
289 3942 316 3977 v.
336 3922 427 3980 canen.
450 3927 497 3980 lX.

193 4051 198 4064 ,
239 3991 288 4094 :tp
309 3994 431 4046 Decrevit
451 3999 499 4050 hoc
519 4015 542 4082 e.
562 4005 949 4066 g.conciliumrhutioehienum
970 4028 995 4064 a.
1015 4014 1060 4066 341
1084 4014 1209 4082 habitum,
1230 4031 1330 4070 conone
1350 4019 1385 4072 ll.
1464 3983 1465 4030 5

288 4063 560 4128 >ceremonensem
578 4071 607 4122 ale
629 4089 725 4126 coenae
743 4077 927 4145 administrae,
952 4082 994 4133 uhi
1011 4090 1128 4148 pastores
1147 4102 1196 4136 nou
1214 4094 1283 4150 sunt,
1304 4090 1383 4154 pen.
1464 4119 1465 4126 ι

190 4195 196 4208 Ι
239 4127 487 4213 flchsspebmerr'
505 4137 567 4220 piiss.
593 4141 623 4192 de
649 4145 804 4196 coitionibus
826 4146 967 4204 Christian.
998 4153 1030 4203 ad
1056 4153 1329 4222 capiendumeibnru,
1357 4158 1382 4212 in
1464 4179 1465 4184 ¹

171 4195 316 4249 dissertata.
336 4214 400 4252 rurus
419 4203 566 4260 eeclesrust.
587 4210 668 4277 antiq.
689 4229 714 4279 p.
731 4216 782 4271 242
799 4230 854 4282 sqq.
1464 4227 1465 4232 ’

238 4265 522 4338 mmmmm

241 4333 315 4430 lli)
336 4352 393 4410 oep.
413 4339 455 4394 dd.
