2968 4896
170 269 174 275 ·
239 227 305 294 tce
552 311 555 316 ¹
630 227 790 296 xxxtttt.
833 230 909 310 hog.
927 229 1055 294 Smauch

237 401 390 487 jusserint,
414 401 456 464 ita
472 401 548 464 enim
564 401 594 462 iu
611 401 741 484 liturgiis
758 403 862 466 Basilii
880 412 908 464 et
919 401 1119 486 chrysostomi
1133 400 1274 482 legimus,
1296 402 1482 480 diaconum,

242 490 406 566 clamasse,
431 511 496 554 cum
516 497 631 552 ventum
648 497 730 554 esset
753 493 789 553 ad
807 489 1033 555 celebrationem
1050 490 1245 558 eucharistiae
1262 501 1289 552 et
1304 483 1482 556 orationesl

241 593 278 641 e'o
295 579 487 662 pertinentes:
512 565 580 638 dccc
596 565 821 658 aaraxodpsroo
837 571 1025 658 candidare,
1042 578 1073 639 oi
1092 567 1319 659 ansnpodperoo
1336 574 1470 656 προέλ-

240 667 339 728 θετε·
353 655 394 744 μὴ
413 686 461 735 τις
477 661 540 725 τῶν
556 662 791 746 κατηχονμένων
806 664 975 759 eri33ldem
991 664 1219 744 Chrysottomus
1234 666 1324 746 (hom.
1344 666 1407 728 93.
1431 670 1482 728 der

242 753 435 836 eucharistia)
459 752 518 814 nit:
545 751 612 812 ἔστε
627 750 730 812 droia
755 748 1014 834 amplectantur,
1040 749 1144 816 ἴσασιν
1161 752 1191 812 ci
1206 751 1403 832 μεμνημένοι
1430 743 1468 814 τὸ

171 861 173 868 ’
237 834 413 922 λεγόμενον.
429 839 584 920 „Explicat
601 837 728 920 Cyrillus
745 839 829 902 Alex.
845 839 875 900 in
894 838 959 902 Jch.
979 838 1029 917 12,
1051 843 1098 906 t.:
1130 841 1324 916 Prohibenns,
1350 838 1482 921 inquit„

230 929 662 991 -asacramentiscntecbumenos
672 933 798 1007 mortuis
811 933 953 988 marone
968 927 1340 1006 iomccpncccrintotfidem
1349 949 1468 1006 magna
1481 919 1482 952 ¹

230 1038 300 1078 uoce
314 1016 513 1092 condenatur:
529 1021 596 1096 quoia
611 1017 734 1076 nondam
749 1017 906 1096 locupletati
914 1019 1025 1094 spirite
1033 1020 1064 1076 S.
1080 1024 1156 1091 emt,
1172 1019 1220 1094 qni
1237 1017 1344 1076 habitat
1361 1021 1398 1076 ia
1419 1023 1468 1094 iis,

231 1109 286 1184 not
300 1106 465 1184 ὸεμιίειεειε
485 1108 676 1164 aearummati.
712 1104 790 1162 Unde
805 1123 866 1162 cam
881 1103 1047 1180 baptismum
1063 1108 1220 1181 receperint,
1242 1108 1308 1182 qnia
1325 1108 1467 1182 Spiritum

237 1197 269 1253 S.
286 1193 411 1252 habitare
426 1198 457 1252 in
472 1193 529 1252 illis
541 1193 674 1264 creditne,
690 1210 708 1250 a
725 1198 802 1250 tacte
816 1200 842 1250 et
858 1195 1046 1251 communione
1059 1192 1197 1252 sotomrto
1208 1191 1310 1250 caree
1326 1199 1467 1269 corperis

236 1299 293 1340 noa
309 1281 496 1358 probibentur.
529 1279 637 1338 Idcirco
653 1286 679 1336 et
694 1278 880 1338 accedentibus
896 1278 933 1338 ad
948 1279 1157 1338 benedictionem
1171 1283 1314 1350 medicam
1329 1284 1466 1340 ministri

236 1372 358 1442 mysmrii
379 1387 482 1445 moena
502 1386 565 1426 ecce
586 1367 727 1426 clement:
766 1369 873 1426 Sancta
894 1364 1020 1426 sanctio!
1050 1366 1120 1426 solis
1143 1363 1324 1440 sanctificatis
1346 1372 1464 1444 spiritu

235 1463 339 1515 tactum
354 1463 381 1515 et
395 1453 640 1528 sanctificationem
657 1456 782 1529 corporis
801 1453 903 1512 dhricti
917 1471 1065 1529 connectere
1078 1450 1277 1530 significantes.
1297 1485 1334 1496 ·-
1356 1449 1385 1532 ξ.
1404 1453 1462 1514 12.
1481 1483 1482 1488 ¹

236 1541 397 1604 Caeterum
416 1541 453 1602 ab
478 1541 532 1612 hac
557 1536 784 1613 consuetudine,
812 1535 972 1598 dimittendi
998 1558 1101 1618 nempe
1132 1537 1359 1614 catechumenos
1382 1548 1465 1600 aute

236 1629 431 1690 eucharistiae
447 1625 698 1702 distributionem,
722 1624 810 1685 dnbio
834 1624 936 1704 procul
955 1645 1060 1686 nemen
1077 1623 1184 1686 missae
1202 1623 1346 1704 originem
1366 1646 1465 1690 suam

233 1715 331 1795 hahet,
355 1714 487 1797 quamvis
504 1713 580 1775 enim
598 1735 613 1774 ε
631 1711 792 1774 Pontificiis
810 1711 927 1793 qnidam
944 1732 1048 1774 nemen
1065 1712 1213 1776 ebraicum
1231 1711 1417 1780 asueeclimt
1437 1727 1467 1778 ct

232 1801 311 1865 idern
335 1824 401 1864 cunr
424 1817 500 1877 neu,
525 1803 602 1862 uude
618 1799 732 1864 Caesar
747 1799 892 1860 Batonius
917 1797 1041 1883 (huual.
1062 1810 1130 1862 tcm.
1150 1801 1178 1862 1.
1203 1801 1239 1862 ad
1257 1819 1284 1862 n.
1304 1797 1377 1862 Chr.
1399 1801 1463 1866 34.

233 1905 314 1950 num.
331 1891 415 1970 59.):
441 1910 501 1948 cnm
518 1891 607 1948 multa
622 1893 689 1966 sint,
712 1885 815 1966 inquit,
834 1889 917 1962 buius
930 1888 1065 1964 sacrificii
1080 1892 1203 1966 nomino,
1226 1889 1298 1950 illud
1312 1899 1356 1950 εει
1371 1899 1464 1952 unti-

189 1985 194 1989 ’
233 1981 396 2058 quissimum
411 1985 438 2035 et
454 1977 529 2053 apnd
544 1981 665 2035 Latinos
686 1979 816 2035 usitatius
831 1984 914 2054 atqne
928 1977 1099 2055 freqrrsntius
1116 1973 1229 2052 Missa,
1252 1977 1324 2056 prod
1340 1980 1464 2056 quidem

234 2068 319 2142 (sicat
334 2065 528 2123 accinctione
549 2061 618 2136 tides
633 2060 791 2141 profitetur)
813 2081 848 2122 erc
872 2063 982 2124 danica
1003 2064 1046 2124 cel
1068 2064 1217 2126 olmldaicn
1237 2065 1462 2128 maerentum

193 2215 196 2221 ,
233 2160 372 2229 acceptam
395 2171 455 2210 esse
476 2151 591 2210 uidetur.
641 2149 721 2222 Quod
744 2154 816 2210 enim
839 2155 868 2209 in
891 2160 987 2212 nostre
1010 2151 1123 2228 culpato
1144 2152 1260 2227 lenitur,
1284 2161 1461 2230 spontanea

222 2233 530 2316 -oblatio(l)ent.16,
552 2237 615 2314 tc.)
639 2237 763 2296 hebraice
786 2245 813 2296 ei
828 2239 969 2298 chaldaice
990 2239 1089 2298 dicitnr
1106 2243 1219 2313 Missa,
1244 2257 1328 2317 qaam
1346 2239 1459 2317 offere-
1481 2255 1482 2322 j

230 2326 297 2386 bant
313 2331 434 2387 Domino
451 2330 479 2385 in
494 2329 652 2402 pretiorum
669 2327 803 2384 actionem
819 2325 859 2384 ‘dc
874 2325 1011 2398 [erratibus
1026 2333 1132 2404 terrae,
1157 2328 1459 2404 prosternebantur
1481 2335 1482 2414 p

104 2427 109 2435 ·
229 2416 387 2493 intemplo
411 2433 473 2473 cnm
496 2413 683 2472 recordatione
704 2416 871 2488 praeteritae
894 2416 1034 2474 seruitutis
1054 2421 1080 2472 et
1096 2412 1241 2474 abendam
1264 2413 1458 2478 liberationis.
1481 2439 1482 2482 t

221 2499 386 2560 Enimvero
411 2494 571 2558 christiana
587 2497 675 2572 fides,
705 2497 791 2577 cnjus
808 2496 856 2558 hic
873 2497 1001 2560 moruinit
1019 2497 1182 2578 Bacchius,
1206 2519 1266 2558 non
1283 2498 1459 2564 creditura

229 2585 360 2646 lieberto
378 2582 566 2658 Bellarmiuo,
590 2583 629 2644 ita
646 2583 720 2644 enirn
739 2584 765 2646 is
783 2585 833 2664 (de
849 2583 943 2648 inissa
961 2585 989 2662 l,
1009 2587 1071 2662 l.)r
1103 2590 1170 2647 Noa
1183 2587 1292 2650 citam
1308 2592 1457 2666 apostulis

227 2678 259 2732 in
273 2693 326 2733 osu
343 2675 432 2748 fnisse
446 2675 496 2733 hoc
510 2673 671 2733 cocubadrrm
688 2673 843 2734 hebraicam
866 2671 1006 2752 multaque
1030 2673 1199 2750 probabilior
1214 2683 1255 2734 εει
1269 2695 1365 2737 eornm
1378 2697 1457 2738 sen-

227 2765 325 2839 tentia,
348 2765 396 2840 qui
411 2761 515 2836 docent,
535 2779 626 2820 accam
641 2781 700 2820 csse
714 2762 854 2836 latinam,
871 2769 897 2820 ει
913 2781 932 2820 a
949 2765 1064 2823 Latinis
1078 2766 1199 2838 primurn
1213 2771 1394 2840 tmurpntom,
1423 2770 1456 2826 in

174 2917 177 2920 ,
227 2849 405 2908 celebratione
419 2851 541 2922 mysterii
557 2849 802 2910 camaracensem.
834 2845 961 2908 Omnino
976 2845 1017 2906 ita
1033 2855 1093 2923 est,
1111 2867 1212 2910 voce·
1227 2845 1350 2912 latinam
1368 2847 1455 2912 hauc

227 2953 304 3012 esse,
321 2933 347 2995 si
363 2933 506 3013 originem
523 2943 648 3014 spectes.
671 2933 710 2994 Et
724 2931 879 2994 miraretur·
892 2931 958 3013 quis
971 2932 1192 3011 necimmerito,
1209 2935 1282 3015 qnod
1299 2933 1454 3000 librorum

226 3018 384 3082 helluones
401 3019 450 3082 isti
475 3041 532 3081 non
550 3019 676 3096 legerint
692 3017 887 3081 clarissimum
907 3019 1062 3100 Augustini
1079 3019 1176 3084 lacurn
1193 3019 1296 3104 (serm-
1312 3021 1393 3085 257.
1414 3028 1453 3087 de

225 3107 389 3188 tempore)r
418 3115 486 3168 Post
501 3129 661 3180 sermenem,
680 3107 782 3186 inquit,
796 3107 831 3182 pit
846 3113 933 3176 mirso
949 3110 1155 3191 catechumenis,
1174 3111 1320 3173 anoton
1334 3110 1452 3185 fideles.

225 3193 340 3256 ludieat
355 3195 440 3254 ritum
459 3193 618 3273 primitivae
636 3193 780 3258 ecclesiae
796 3193 891 3256 fuisse
909 3194 1002 3273 lrunc,
1022 3197 1099 3275 qnod
1120 3195 1282 3258 dimiserint
1297 3199 1451 3262 catechu-
1481 3253 1482 3270 ,

225 3299 342 3356 menos,
366 3279 535 3360 priusquam
557 3280 777 3344 sacramentalis
794 3279 936 3361 inciperet
951 3281 1037 3344 actio.
1072 3283 1167 3362 Atque
1183 3282 1209 3346 is
1227 3283 1315 3346 dubio
1337 3288 1452 3366 procul

224 3386 330 3428 seusus
364 3377 409 3429 est
438 3365 559 3428 canonis
583 3365 635 3429 84.
673 3365 791 3430 concilii
817 3367 916 3431 Carth.
947 3367 1055 3449 quarti.
1091 3369 1135 3430 lta
1160 3369 1235 3432 enirn
1258 3391 1356 3434 canon
1383 3373 1450 3438 iste

222 3456 300 3534 apnd
316 3453 507 3516 Laurentium
528 3452 648 3515 Surium
666 3454 792 3540 legiturc
820 3461 865 3518 lit
880 3461 1023 3536 epncopns
1040 3459 1148 3521 nullum
1170 3460 1314 3538 prohibeat
1330 3465 1451 3538 inprcdi

103 3549 108 3556 “
221 3543 363 3610 melacium
378 3552 403 3602 et
418 3544 514 3604 audire
527 3543 637 3604 oerbnm
655 3549 707 3604 Dei
721 3549 779 3606 siue
792 3545 928 3620 matham,
945 3551 1003 3606 sice
1016 3545 1192 3622 macaron,
1210 3553 1269 3610 sice
1283 3548 1445 3632 Judaeum,

221 3651 307 3712 usque
322 3632 361 3692 ad
385 3636 499 3692 missam
515 3631 776 3694 catechumenorum.
815 3629 894 3696 Care
910 3638 1005 3692 tamen
1022 3630 1141 3696 nissam
1158 3633 1445 3699 catechumenorum

221 3718 386 3779 conlaudas
403 3739 468 3779 cnm
486 3715 579 3778 missa
595 3715 774 3798 reliquorum
789 3715 927 3794 fidelium,
944 3716 1089 3798 duplicem
1107 3719 1184 3788 euim
1202 3719 1297 3784 iuism
1313 3719 1444 3786 missam

136 3805 138 3808 ’
220 3823 278 3864 seu
294 3805 494 3866 dimissionem
517 3803 620 3884 populi
644 3825 681 3868 ex
700 3803 827 3884 antiquis
846 3811 925 3884 patet
946 3805 1150 3885 scriptoribus.
1187 3807 1274 3870 Prior
1293 3807 1355 3889 jam
1380 3811 1444 3874 de·-

220 3890 330 3970 scripta
347 3901 391 3952 est
407 3903 436 3952 et
452 3891 540 3954 fiebat
563 3901 631 3954 anm
650 3889 898 3954 consecrationem
922 3893 1172 3959 sacramentalem.
1208 3894 1362 3961 Posterior
1376 3917 1443 3960 au·
1481 3949 1482 3952 ε

221 3984 279 4037 tem
296 3977 473 4057 respiciebat
488 3977 588 4041 fideles
607 3988 636 4040 et
657 3977 744 4042 fiebat
765 3987 830 4056 post
853 3977 1102 4042 consecrationem
1127 3991 1156 4044 et
1171 3999 1258 4046 usum
1274 4003 1300 4046 s.
1317 3982 1441 4048 cucha—
1481 4043 1482 4060 ξ

217 4062 335 4139 ristiae,
353 4061 497 4126 clamante
513 4065 656 4128 dmcouo:
690 4065 748 4128 lte!
772 4063 871 4128 Missa
887 4075 941 4130 est.
977 4065 1025 4128 Uti
1041 4067 1138 4132 adhue
1154 4067 1243 4132 hodie
1259 4068 1292 4134 in
1308 4067 1440 4153 liturgia
1481 4083 1482 4100 ¹

216 4148 352 4212 Romana
367 4151 416 4211 hic
430 4152 495 4230 ipse
511 4151 670 4214 dimittendi
682 4151 822 4233 populum
839 4153 1199 4234 ritnspraescribitnr.·-
1212 4155 1240 4238 ξ.
1250 4157 1302 4220 13.
1316 4157 1438 4236 Quam·

216 4236 261 4300 vis
278 4248 372 4299 antem
390 4239 588 4300 catechumeni
613 4242 651 4302 ad
675 4239 906 4303 communionem
930 4241 1264 4309 eucharistiae'admissi
1281 4265 1344 4308 uon
1360 4246 1437 4312 lue·

214 4323 497 4405 riut,'accipiebant
513 4335 611 4388 tamen
624 4319 793 4408 ἀπίδωμεν
808 4328 967 4407 quoddam,
991 4331 1070 4409 qued
1087 4330 1186 4394 locum
1203 4331 1354 4408 abnuebat
1371 4333 1436 4398 roei
1481 4361 1482 4410 r

213 4403 316 4496 δώρου
330 4411 351 4475 i.
369 4432 395 4478 e.
412 4411 616 4480 eucharistiae.
658 4413 730 4476 llrat
744 4406 914 4496 a’reidorpan
929 4414 1149 4485 istudfrustnm
1172 4417 1259 4502 panis
1277 4419 1434 4487 benedicti
