2942 4892
226 271 228 281 ¹
330 205 366 268 de
383 203 489 270 veteris
506 205 579 276 cccl.
597 205 677 272 circa
688 207 872 290 poenitentes
887 206 997 288 rigore.
1205 205 1273 272 att

41 377 266 460 poenitentiam
293 398 367 461 pauc
392 389 420 443 et
442 383 529 446 uenia
546 381 655 464 dignos
677 382 708 444 in
728 393 819 448 mone
834 384 987 448 habendos
1005 403 1091 464 esse,
1112 383 1145 446 in
1160 401 1217 448 sua
1233 383 1272 448 ad

41 467 231 546 Himerium,
256 467 513 548 Tarraconensem
535 469 628 552 episc.
651 470 789 534 decretali
815 471 938 554 epistola
957 491 1022 536 unu.
1042 471 1072 534 3.
1092 473 1273 538 decreuerat.

40 591 98 604 --
116 553 144 637 §.
160 557 191 618 7.
209 555 313 636 Neque
329 576 414 636 porro
431 558 581 640 antiquum
597 557 681 622 illum
699 559 779 624 cirea
793 561 928 641 relapsos
944 559 1072 641 rigorem
1083 558 1188 622 Patres
1205 559 1272 622 To·

41 642 149 706 letani
166 663 323 714 revocasse
340 644 456 708 dicendi
474 653 553 725 snut,
580 667 645 710 euru
665 650 701 710 ad
722 668 865 712 canonum
885 649 1013 730 priorum
1033 647 1217 710 seueritatem
1239 646 1273 710 iu

44 751 109 794 eos
127 731 319 796 animaduerti
332 733 446 814 jubent,
471 735 521 815 qui
541 744 607 815 pust
625 735 829 816 poenitentiam
846 735 1018 818 veniamque
1037 735 1127 797 semel
1144 755 1272 822 reeupe-
1330 730 1333 740 ¹

43 830 151 882 ratam
173 819 326 882 criminum
352 824 510 884 eorundem
529 823 670 884 sordibus
693 823 835 905 inquinati
853 823 980 886 fuerant.
1026 823 1163 886 Sanctior
1178 823 1272 886 disci·
1303 837 1310 846 '

43 907 138 988 plina
156 905 223 968 binc
249 916 277 968 et
300 907 368 969 inde
382 907 416 969 iu
434 909 597 990 Hispaniae
617 910 750 974 ecclesiis
767 914 840 973 adeo
860 931 878 972 a
895 911 988 992 prima
1004 910 1159 974 severitate
1176 913 1272 991 dege·
1352 931 1355 942 ¹

42 1005 228 1072 necaverat,
268 1004 300 1056 nt
330 997 536 1075 peccatoribus
567 998 658 1060 semel
689 999 848 1062 enormiter
876 998 1134 1080 delinquentibus,
1164 997 1271 1062 iterum

42 1083 220 1162 iterumque
237 1080 485 1164 delinquentibus,
503 1086 616 1167 quotins
633 1086 840 1168 poenitentiam
856 1086 1035 1160 simularent,
1051 1085 1136 1150 toties
1152 1087 1272 1148 daretur

43 1170 210 1232 criminum
238 1169 332 1232 uenia.
377 1174 458 1234 Adeo
476 1173 613 1238 ‚nefarios
637 1195 737 1244 eornm
762 1184 885 1238 conatus
912 1183 943 1236 ut
966 1174 1010 1235 illi
1036 1172 1270 1255 comprimerent,

44 1257 228 1322 criminibus
244 1255 337 1320 semel
354 1260 470 1340 quidem
488 1261 643 1324 obstrictos
656 1273 722 1344 post
734 1260 869 1343 elapsum
883 1261 1096 1326 satisfactionis
1109 1261 1270 1324 canonicae

43 1356 170 1427 tempus
188 1345 332 1408 ecclesiae
348 1349 539 1412 decreverunt
555 1369 622 1413 esse
642 1350 856 1427 restitueudm3
874 1351 979 1412 iterum
998 1359 1094 1412 autem
1114 1349 1271 1412 obstrictus

45 1432 230 1515 antiquioris
248 1433 420 1514 discipliuae
438 1435 527 1517 rigori
546 1437 585 1500 lta
602 1439 766 1520 subjecere,
786 1448 817 1500 ut
834 1438 864 1498 in
882 1437 1020 1516 squalore
1039 1445 1068 1498 et
1083 1433 1165 1498 luctu
1183 1434 1271 1498 uitam
1396 1453 1409 1462 “

45 1541 169 1586 omnem
188 1521 386 1602 transigerent
401 1533 429 1586 et
447 1524 564 1586 nonnisi
583 1525 614 1586 in
634 1525 715 1588 exitu
737 1525 821 1606 pacis
840 1523 984 1587 ecclesiae
1009 1533 1038 1586 et
1056 1519 1271 1586 communionis

44 1609 212 1691 participes
229 1609 430 1674 redderentur.
468 1610 591 1675 Scilicet
606 1612 681 1676 baec
706 1621 798 1691 erant,
818 1633 894 1695 quae
914 1612 976 1693 janu
994 1609 1062 1672 olim
1079 1629 1098 1672 a
1116 1609 1271 1674 sereno-

44 1717 142 1760 mana
159 1699 276 1760 decreta
293 1696 410 1762 inerant
434 1720 498 1762 can.
516 1701 547 1764 5.
572 1703 657 1762 modo
677 1701 813 1764 laudatae
831 1698 982 1780 epistolae,
1006 1718 1093 1780 quam
1110 1699 1148 1760 ad
1162 1697 1270 1762 Hime-
1393 1781 1399 1786 Ι

43 1787 140 1866 rium,
153 1785 419 1865 Tarraconensem,
436 1787 570 1869 Syricius
586 1791 721 1851 dederat:
738 1797 781 1850 De
795 1792 839 1850 bis
853 1809 916 1850 cero
932 1808 988 1848 non
1000 1793 1148 1864 incoepere
1160 1787 1271 1848 ditectio

45 1886 99 1936 tua
119 1877 303 1954 apostolicum
321 1877 413 1937 sedent
438 1878 553 1939 credidit
568 1879 773 1954 consulendum,
792 1879 840 1957 q'ni
855 1885 919 1938 octo
934 1880 1111 1955 poenitentia,
1134 1883 1271 1953 mnqcont

45 1983 137 2026 cenes
165 1983 198 2022 nc
221 1984 285 2024 sues
312 1966 351 2024 ort
374 1972 492 2026 comum
513 1971 647 2045 pristinos
667 1976 693 2026 et
717 1965 755 2025 nd
770 1965 915 2027 volutabro
938 1963 1080 2024 redeuntes
1104 1971 1130 2022 et
1153 1963 1271 2022 militine

46 2053 193 2130 cinpnlune
215 2052 383 2124 niardicrur
399 2047 555 2133 uoluptates
574 2064 600 2114 et
623 2074 696 2116 nonu
715 2055 842 2135 coriopiu
865 2062 890 2113 ct
908 2053 1037 2112 inbibitos
1054 2051 1142 2110 denuo
1159 2053 1270 2128 oppeti-

45 2160 111 2202 cere
136 2140 306 2200 concubitus.
351 2146 393 2200 Dc
416 2142 529 2220 quibus,
556 2147 622 2222 quie
643 2143 707 2220 jum
729 2141 881 2219 strffnpionr
903 2160 959 2200 oon
981 2139 1081 2200 babent
1104 2137 1269 2216 pomibudi,

46 2229 78 2288 id
93 2229 231 2288 ducimus
246 2228 450 2300 decernendum,
466 2239 497 2290 nt
511 2231 573 2290 solo
588 2235 665 2292 intre
680 2231 822 2290 ecclesium
838 2228 963 2303 fidelibus
978 2232 1105 2286 erutione
1115 2227 1270 2302 inpactum

46 2313 152 2378 sucrue
164 2320 354 2389 mysteriorum
368 2318 526 2389 celebritati,
544 2321 670 2397 qnotnois
681 2337 737 2378 non
752 2325 915 2389 mercentur,
932 2318 1068 2383 intersint,
1085 2331 1104 2370 n
1116 2311 1271 2370 dominicae

48 2413 146 2466 certent
164 2423 275 2464 menam
292 2409 414 2466 coccinio
431 2415 613 2483 scprepentua
629 2413 659 2464 ut
674 2407 727 2465 boc
741 2405 840 2464 enitent
856 2403 1028 2462 districtione
1040 2402 1156 2477 correpti
1171 2405 1197 2456 et
1212 2401 1270 2476 ipsi

48 2498 77 2554 in
97 2511 131 2552 se
149 2511 204 2552 auu
220 2500 315 2554 errato
333 2497 464 2569 custipent
481 2501 506 2553 et
523 2495 590 2554 otiis
608 2493 761 2571 exemploru
778 2492 909 2561 tribunat,
928 2498 1065 2569 quotenne
1081 2487 1115 2548 ab
1130 2485 1271 2546 obscoenis

48 2580 250 2658 cupiditatibus
268 2583 458 2642 retraberetur.
505 2584 581 2654 Quos
604 2590 696 2641 tomen
722 2580 867 2660 (qnorrictn
891 2577 1000 2638 cornuti
1019 2575 1269 2651 {rupititutcceci-

48 2667 166 2746 derunt)
189 2672 292 2740 uiatico
311 2687 429 2739 manae,
456 2689 518 2728 cunt
536 2670 574 2728 ed
592 2673 741 2728 Donrintrnt
757 2671 894 2746 coeperint
911 2663 1058 2744 proticisci,
1076 2683 1125 2741 per
1143 2679 1268 2722 conemu-

49 2761 147 2818 nionis
160 2761 284 2833 pretium
299 2758 425 2818 coturnus
441 2757 588 2816 srrbleocri.
636 2758 727 2828 Quum
743 2755 865 2829 {ormont
881 2763 907 2812 et
922 2758 995 2812 circu
1011 2751 1148 2822 taolieres,
1167 2768 1223 2827 quo
1238 2767 1270 2808 ce

49 2855 115 2924 post
136 2847 332 2923 poenitentium
358 2844 459 2904 tolibno
476 2843 675 2924 potientioribus
693 2843 890 2914 minxerunt,
910 2838 1078 2900 ceruendum
1095 2855 1155 2894 esse
1172 2855 1268 2894 cenae·

50 2953 123 2992 orne.
169 2930 235 2992 Nou
258 2929 317 2992 alio
341 2929 449 3010 igitur,
477 2928 534 2992 nisi
560 2949 645 3008 quent
671 2925 724 2990 illa
742 2925 851 3010 Syrieii
876 2924 1042 3004 patiuntur,
1067 2941 1160 2984 sensu
1182 2941 1269 2984 conc.

52 3016 196 3082 Toletani
216 3019 252 3079 de
273 3015 451 3098 poenitentia
476 3017 658 3098 relapsurom
684 3018 801 3089 decreta
824 3010 998 3092 accipienda
1022 3029 1099 3086 esse,
1122 3009 1293 3075 existima·

10 3139 14 3144 ·
51 3105 199 3168 Mittcnda
224 3105 321 3167 iuerat
347 3102 473 3186 epistola
496 3107 532 3168 ad
559 3111 731 3182 Himerionr,
763 3113 794 3164 nt
818 3098 977 3178 uuicuique
1003 3097 1208 3178 episcoporum
1233 3099 1270 3160 de

51 3203 228 3276 argumento
250 3191 332 3255 illius
350 3201 507 3272 constaret,
528 3193 558 3255 iu
577 3191 679 3254 omnes
697 3189 785 3254 totius
802 3186 965 3268 Hispaniae
982 3184 1166 3266 prouincias,
1183 3185 1271 3265 quod

52 3303 88 3346 ex
114 3281 175 3344 line,
195 3281 262 3364 ejus
281 3291 411 3363 apparet.
429 3315 470 3330 -
490 3281 518 3366 §.
535 3281 564 3343 8.
597 3280 692 3359 Quam
711 3279 741 3340 iu
759 3275 957 3340 custodiendis
979 3274 1081 3337 iisdem
1100 3270 1271 3354 praesulum

51 3370 253 3434 Rornanorum
279 3368 404 3432 decretis
426 3367 579 3450 religiosi,
611 3388 697 3448 qnam
725 3375 842 3429 serrata
866 3386 892 3426 a·
911 3361 1071 3445 majoribus
1096 3359 1270 3440 disciplinae

53 3458 214 3522 retinentes
231 3456 357 3538 Hispani
375 3455 494 3530 luerint,
514 3477 580 3518 oum
598 3455 688 3518 multa
704 3447 840 3536 probant,
867 3462 925 3514 tum
944 3449 1069 3514 maxime
1085 3446 1170 3525 illud,
1192 3447 1271 3526 quod

23 3566 116 3610 sec.
133 3545 198 3608 Vll.
217 3545 410 3608 conciliorum
435 3543 562 3606 cronium
587 3563 733 3622 canones,
763 3562 893 3622 eousque
918 3541 955 3602 ab
976 3536 1104 3600 eeclesia
1126 3534 1272 3613 conditos,
1338 3579 1341 3588 .

55 3655 119 3696 curn
137 3633 336 3696 decretalibus
353 3632 521 3714 pontificum
531 3633 732 3695 Romanorum
745 3629 887 3710 epistolis,
905 3647 980 3710 quae
993 3634 1033 3688 tot
1045 3622 1164 3699 seculis,
1179 3625 1287 3703 prae-v

56 3721 156 3786 sertim
181 3724 217 3784 ad
233 3721 386 3802 Hispanos
406 3719 533 3802 scriptae
551 3719 678 3798 lucrant,
701 3739 759 3780 uno
776 3719 936 3797 eodemque
956 3712 1057 3776 codice
1076 3707 1223 3774 asservari
1241 3716 1273 3810 et
1313 3755 1316 3760 .
1407 3763 1413 3768 .

57 3831 109 3891 per
128 3809 283 3874 universus
303 3807 513 3890 Hispaniarum
534 3807 677 3871 ecclesias
695 3804 879 3868 disseminari
900 3799 1083 3876 curaverint,
1108 3819 1175 3880 quo,
1199 3797 1273 3878 quud

56 3908 188 3962 vetarent
200 3899 376 3982 juberentur
392 3916 532 3973 canones,
549 3917 633 3960 nemu
649 3916 708 3956 nou
723 3895 843 3958 baberet
857 3892 948 3973 probe
963 3895 1159 3970 perspectum.
1183 3883 1273 3948 Edita

54 3987 113 4068 jntn
131 3996 200 4050 aute
222 3985 319 4048 iuerat
342 3985 431 4068 bujos
449 3983 568 4066 generis
587 3990 731 4048 Guaonnrn
749 3984 891 4055 collectio,
917 3997 1003 4060 quam
1022 3975 1090 4038 inde
1108 3995 1126 4038 a
1143 3993 1205 4036 sec.
1221 3971 1272 4038 vl.

58 4075 84 4136 in
110 4095 183 4138 suos
208 4073 266 4136 sibi
283 4095 357 4136 nens
379 4075 517 4136 seruabat
534 4070 742 4153 Hispaniensis
767 4066 903 4132 ecclesia.
949 4065 1017 4128 Huc
1040 4061 1155 4126 iaciunt
1179 4079 1272 4124 cano-

58 4181 110 4226 nes
128 4164 180 4225 17.
204 4162 308 4245 synodi
332 4160 527 4224 Bracarensis
547 4159 570 4222 l.
614 4157 729 4230 Releuti
754 4163 823 4220 sont
846 4176 882 4218 ex
908 4153 1009 4218 codice
1028 4171 1126 4214 coram
1145 4146 1272 4214 coneilio

16 4252 19 4268 '
60 4260 116 4313 tam
135 4250 318 4330 generalium
338 4251 518 4332 synodorum
535 4267 681 4324 canones,
706 4265 793 4328 quam
811 4241 968 4319 localium,
990 4238 1054 4304 et4
1078 4259 1161 4302 cuno.
1177 4234 1272 4299 Tole-

60 4328 124 4400 tani
136 4339 185 4404 lV.
209 4348 242 4402 nt
257 4339 399 4402 diaconus
416 4337 485 4400 alba
503 4337 623 4400 indutus
641 4335 770 4398 codicem
787 4351 932 4418 cananum
947 4330 978 4393 in
997 4327 1091 4392 medio
1109 4326 1272 4406 protereus,

62 4427 188 4511 capitula
211 4429 246 4490 de
272 4425 405 4490 conciliis
423 4425 549 4506 agendis
568 4421 745 4505 pronuntiet.
790 4419 897 4486 Verum
921 4417 1040 4502 antiquo
1059 4413 1121 4492 illi,
1145 4411 1272 4492 quitum
