2968 4896
348 273 386 334 de
400 269 557 336 exorcismi
574 271 688 353 origine
707 279 735 336 et
750 271 919 338 mutatione.
981 247 986 256 ¹
1179 259 1242 340 {lb

119 443 289 506 Gaudentius
305 443 438 548 oppidem,
464 447 580 509 Patrem
598 445 677 510 hu'no
693 447 922 511 eruditissimum
941 455 997 510 tam
1014 447 1043 508 io
1060 447 1133 509 loeis
1160 449 1242 514 hisee

28 533 207 593 verbotenus
232 533 405 614 exscriptis,
429 555 515 615 quam
539 534 624 614 aliis,
649 537 699 598 uhi
722 539 894 598 doemonum
914 535 1117 617 expulsionem
1134 547 1242 616 ιιιιιιιι
1264 539 1265 542 ’

28 621 113 680 modo
130 619 236 700 citatis,
261 622 332 681 mori
351 623 387 684 N.
405 624 444 684 Τ.
462 584 636 703 scripturula
654 625 694 686 ita
710 624 833 686 iureniri
852 635 1070 728 congruentem,
1093 637 1135 702 ut,
1153 647 1241 730 ιιιιιιι

3 699 4 766 J
30 711 217 770 obsessorum
245 730 262 770 a
287 709 462 772 Christianis
488 711 644 773 adhibitam
670 722 772 774 tractat
798 713 995 792 curationem,
1022 733 1059 774 ue
1085 714 1242 775 exorcismi

29 797 143 876 quidem
159 817 232 858 rore
248 807 357 859 utatur.
393 799 544 878 Expresso
561 799 658 879 potius
677 800 757 861 illam
776 799 850 862 solis
868 801 1022 880 peoribus,
1047 801 1242 882 adjurationi-

3 911 4 916 1
30 886 85 944 hus
105 883 289 965 simplicibus
314 897 342 946 et
367 884 597 966 simplicioribus
620 888 736 969 quidem
761 889 945 966 hominibus,
970 887 1035 950 sine
1061 889 1121 950 ullo
1144 887 1242 950 inutili

29 972 144 1050 magiae
161 984 213 1033 aut
227 972 484 1036 incantantatiouis
508 973 689 1037 ethnicorum
713 980 750 1037 ah
772 976 810 1038 iis
833 976 992 1058 perlectam
1015 997 1081 1038 esse
1099 975 1170 1038 dicit
1184 999 1241 1039 au-

28 1058 112 1122 xilio.
148 1060 232 1147 llnetat
248 1071 344 1122 autem
361 1081 462 1124 serere
480 1061 661 1125 Christianos
678 1064 709 1124 iu
728 1064 923 1126 daemoniacis
941 1063 1135 1126 exorcismum
1153 1064 1241 1126 a'dhl-

30 1150 97 1210 here
113 1149 266 1226 sanandis,
284 1149 390 1228 quibus
405 1149 543 1228 precihus
558 1151 655 1230 potius
672 1173 708 1212 ae
721 1152 853 1234 jejuniis,
869 1163 900 1214 ιιι
912 1152 1049 1214 Salvator
1063 1153 1138 1214 idem
1158 1155 1243 1216 docet

28 1235 204 1316 discipulos,
230 1240 333 1298 honrem
351 1237 505 1300 restituere
529 1238 641 1318 possint
656 1239 861 1302 valetudinem
900 1241 985 1318 Quod
1003 1239 1093 1320 igitur
1110 1241 1158 1302 vix
1176 1261 1241 1302 mo-

29 1325 155 1384 nendum
172 1324 354 1401 crediderim,
371 1327 566 1388 exorcismum
583 1337 684 1404 sensu,
701 1349 759 1408 qno
777 1329 863 1390 hodie
879 1327 1032 1407 accipitur,
1051 1349 1087 1390 cx
1105 1329 1241 1390 omnibus

27 1413 181 1492 hucusque
196 1413 333 1474 Patribus
346 1373 446 1474 lrllrtis
460 1415 568 1476 trustra
586 1417 826 1476 derivaveris.--
784 1413 868 1498 -ι
879 1417 907 1476 5.
926 1417 1063 1482 Decursu
1080 1419 1241 1496 temporum

29 1521 131 1560 noram
151 1521 230 1562 nune
245 1500 399 1564 introimus
419 1502 588 1582 periodum,
614 1524 672 1583 qua
697 1503 804 1604 religio
820 1484 979 1564 christiaioa
997 1503 1076 1582 Ιιιιιξ
1050 1525 1114 1564 rius
1132 1525 1241 1584 propa-

27 1588 92 1666 ιιιιιι
117 1587 241 1668 ejusque
259 1589 460 1651 confessorum
484 1611 624 1650 uumerus
643 1590 737 1669 inagis
761 1611 822 1668 aug
824 1590 865 1651 eri
892 1589 1005 1668 coepit3
1029 1611 1136 1671 quare,
1163 1594 1240 1672 quud

29 1675 88 1736 llei
98 1675 242 1755 sapientia
258 1676 379 1756 ιιιιιὶιιι,
397 1677 481 1758 eopia
495 1678 579 1739 etiam
593 1677 811 1749 miraculorum,
827 1679 864 1738 orl
880 1677 1105 1739 confirmandam
1116 1677 1240 1758 religio-

30 1783 96 1824 nem
115 1765 201 1824 istam
225 1763 408 1844 achinom),
434 1767 608 1844 pedetentim
633 1765 769 1828 decrerit.
815 1764 997 1840 Ecclesiam,
1022 1787 1107 1846 quam
1129 1787 1239 1844 omues,

25 1851 108 1910 nollo
127 1863 265 1932 excepte,
290 1852 450 1914 Christiani
467 1853 551 1934 prius
567 1853 683 1934 quide-m
701 1852 900 1930 condiderant,
925 1863 1070 1932 ternpore,
1097 1857 1173 1934 quod
1191 1854 1239 1916 iu-

25 1939 187 2015 predimur,
212 1938 345 2000 nonnulli
364 1949 484 2018 tantum,
511 1945 547 2002 acl
565 1943 642 2002 hunc
658 1941 745 2002 linem
761 1940 815 2002 riri
834 1940 927 2012 electi,
944 1939 1120 2021 atriplibeare
1138 1944 1240 2004 stude-

25 2031 112 2102 hant3
130 2026 248 2106 ponitur
263 2028 361 2109 itaque
377 2029 532 2090 maximum
551 2030 626 2089 inter
642 2029 765 2091 clericos
784 2029 933 2109 laicosque
952 2029 1118 2090 discrimen.
1156 2031 1240 2108 Quo-

24 2137 87 2176 rum
105 2115 193 2177 etiam
211 2115 293 2196 primi
311 2117 444 2178 subsidia
461 2115 510 2177 lini
527 2109 657 2197 ipsorum
674 2117 884 2198 respondentia
900 2115 957 2178 sibi
973 2117 1169 2178 vindicabant.
1195 2119 1241 2179 hd

24 2211 156 2264 nostrum
183 2225 252 2264 rere
280 2208 354 2284 quod
382 2205 506 2284 pertinet
529 2205 710 2283 institutum,
734 2215 903 2285 potestatem
923 2206 1080 2266 doemones
1104 2204 1241 2286 ejiciendi

3 2309 5 2370 ι
23 2295 251 2370 morborumque
267 2293 294 2354 ri
313 2290 491 2354 miraculosa
508 2293 738 2354 concitionem-
755 2293 949 2354 exorcismum
966 2313 983 2352 ιι
1001 2291 1133 2370 patribus
1150 2311 1241 2372 supra

3 2378 154 2441 llaudatis
173 2379 351 2442 nominatam
368 2380 538 2442 -sensim
557 2381 722 2457 evanuisse,
748 2378 828 2442 clarc
847 2379 967 2440 historia
983 2383 1076 2442 docet.
1124 2379 1240 2456 Quam-

3 2463 4 2466 '
23 2489 110 2548 quam
120 2467 354 2548 Cyprianum**)
371 2480 399 2530 et
412 2469 665 2546 Laetantiam***)
683 2469 770 2548 hujus
789 2468 855 2529 iloni
875 2465 1096 2528 extraordinarii
1115 2467 1240 2528 tuentio-

3 2609 4 2616 .
23 2577 88 2618 nem
106 2556 222 2618 leoissc
238 2567 319 2618 reete
334 2557 448 2637 quidem
468 2560 645 2634 contendas,
671 2568 765 2618 trecoren
785 2577 822 2618 ex
845 2553 914 2638 aliis
931 2553 1013 2616 illius
1031 2554 1105 2615 loeis
1122 2555 1240 2636 perspi-

23 2665 109 2704 cuum
129 2655 183 2718 est,
204 2665 260 2704 non
279 2647 378 2706 eodem
392 2645 452 2725 jain
465 2657 635 2718 sacrosante,
663 2665 719 2725 quo
736 2645 841 2720 adbuc,
859 2642 1014 2704 exorcismi
1031 2663 1131 2704 rocem
1149 2665 1241 2706 sensu

21 2732 115 2794 fuisse
145 2743 299 2812 receptam.
340 2733 437 2809 Quum
462 2733 537 2794 euitn
560 2731 634 2794 haee
657 2731 687 2791 ia
715 2731 798 2810 epist.
817 2732 1013 2810 odillagnum
1024 2731 1059 2807 †)
1084 2731 1241 2810 legantur:

20 2821 131 2896 „Quod
150 2821 236 2880 hodie
254 2819 339 2882 etiam
358 2821 485 2900 geritur,
510 2831 541 2882 at
560 2841 611 2900 per
629 2819 790 2880 exorcistas
807 2839 879 2878 voce
903 2819 1073 2880 humarent
1097 2828 1240 2897 potestate

21 2907 123 2969 divina
150 2906 318 2984 hrrgclletur
343 2919 370 2968 et
392 2921 494 2969 uratur
518 2917 546 2969 et
568 2915 735 2988 torqueatur
760 2905 895 2966 diabolas
920 2923 948 2966 et
973 2927 1038 2966 cum
1065 2904 1146 2966 exire
1163 2916 1241 2968 sect

3 2996 159 3056 'homines
176 2996 230 3055 Dei
250 2995 392 3056 dimittere
409 3016 498 3077 saepe
515 2997 607 3070 dieat,
633 3002 663 3056 ia
678 3015 709 3054 eo
725 3004 817 3055 temon
833 2995 905 3073 quod
920 2997 1022 3054 dicerit
1038 2995 1140 3068 fellat,
1168 3004 1195 3053 et
1210 2993 1240 3053 id

20 3087 99 3162 quod
119 3103 173 3162 per
189 3083 370 3144 Pharaonem
387 3085 469 3164 prins
486 3097 600 3160 orestem
626 3091 671 3145 est
694 3085 795 3141 eodem
819 3081 971 3141 mendacio
990 3079 1195 3140 obstinationis
1214 3090 1242 3142 et

19 3171 140 3232 fraudis
164 3170 387 3250 exerceal“††)
414 3203 455 3218 -·
486 3171 553 3252 quis
577 3190 633 3231 noo
658 3171 775 3246 videat,
810 3167 988 3248 Cypriorum
1013 3171 1048 3228 ‹le
1075 3168 1240 3229 exorcismo

20 3256 112 3338 longe
132 3257 209 3330 alio,
233 3281 268 3320 ac
284 3259 416 3320 lustinus
432 3261 493 3332 M„
518 3257 724 3321 Tertullianus
741 3257 779 3318 al.
799 3255 920 3336 egisse?
961 3256 1019 3316 Sed
1041 3274 1125 3336 ιιιιιιιι
1144 3256 1241 3336 potius

3 3346 77 3440 ¹ista
96 3349 156 3407 sub
174 3367 245 3407 rore
261 3346 315 3406 rim
333 3367 387 3408 nec
406 3347 608 3408 miraculosam
627 3365 682 3405 nee
699 3349 804 3404 donum
825 3345 959 3405 omnihus
976 3343 1161 3417 Christianis,
1183 3365 1241 3425 quo

3 3435 158 3494 ammom
177 3433 410 3515 qualemcunque
426 3455 531 3496 curare
547 3455 664 3514 semper
680 3433 827 3502 valerent
854 3451 1045 3506 conoessum,
1071 3453 1135 3492 eum
1153 3431 1242 3493 intel-

18 3521 135 3584 lexisse
151 3522 207 3600 sepr
209 3522 252 3584 ιιι
291 3525 327 3583 ht
343 3543 406 3583 ruta
426 3527 500 3582 dono
527 3520 580 3582 illo
605 3519 781 3582 miraculoso
806 3518 889 3580 iidem
901 3539 991 3600 ,ιιιιιι
1009 3540 1149 3580 samniam
1168 3519 1220 3578 et
1211 3541 1243 3580 m

19 3611 120 3670 aniruo
148 3619 176 3670 et
199 3600 228 3670 iri
247 3631 366 3692 corporo
384 3609 530 3690 loominam
551 3617 718 3686 potestatem
743 3613 901 3670 alcamenes
917 3628 1055 3668 exercere
1073 3609 1241 3684 credebant,

19 3719 77 3758 non
105 3697 285 3768 amiserant
313 3681 475 3758 retinebant
498 3698 594 3798 potips
621 3700 720 3771 niodo,
748 3718 804 3774 quo
830 3695 950 3756 saecula
975 3715 1038 3755 eam
1063 3654 1243 3754 tradideranl

21 3787 134 3863 priora.
160 3787 224 3847 Noc
240 3785 331 3846 solum
349 3785 496 3864 corruptio
513 3785 600 3858 cerie,
616 3784 720 3860 morbi,
739 3782 846 3863 plagae
865 3781 967 3842 etalio
985 3782 1012 3841 id
1031 3802 1126 3860 genas
1144 3781 1242 3842 omnia

20 3873 54 3934 iis
73 3875 235 3935 tribuenda
253 3893 318 3935 esse
344 3873 518 3950 censebant,
542 3875 594 3935 sed
620 3875 740 3934 eosdem
763 3891 848 3934 veros
867 3869 923 3930 Dei
948 3869 1083 3930 inimicos
1099 3869 1241 3932 habentos

17 4002 231 4014 ξ...-

90 4079 122 4146 *)
147 4079 214 4132 iren.
236 4087 318 4132 contr.
338 4081 441 4130 haeres.
462 4079 488 4142 2,
509 4077 570 4130 31-
577 4077 620 4134 32
657 4059 659 4065 ⁴

88 4149 514 4284 112.l.;{t..¹.t⁶2¹'⁰e‘⁰h
534 4217 561 4282 ι,
582 4213 626 4272 n.

3 4285 5 4320 t
87 4289 125 4354 †)
146 4287 231 4354 Epist.
250 4287 292 4340 76.

86 4359 146 4425 ††)
169 4357 231 4408 coll.
251 4357 327 4439 epist
346 4355 390 4407 75.
421 4353 453 4406 od
472 4353 594 4436 cypr..
599 4327 680 4416 ,Noni
700 4349 785 4401 subito
806 4346 927 4414 apparuit
946 4346 984 4398 illi
1006 4344 1154 4416 (daemoni)
1175 4364 1241 4401 uuus
1279 4359 1282 4370 '

18 4425 47 4475 dc
68 4427 225 4492 exorcistis,
245 4427 287 4478 vir
307 4425 431 4494 probutus
451 4431 478 4476 ct
497 4423 568 4474 cirea
587 4389 734 4487 l’eligtosam
750 4417 932 4487 disoipliuam
934 4417 999 4468 beno
1018 4433 1120 4488 sempor
1137 4433 1244 4470 cour-er·
1336 4445 1340 4456 ι

19 4503 92 4548 sulus
113 4498 193 4548 elo.“

3 4591 4 4610 t
61 4579 415 4642 honestaremini.
699 4645 702 4650 .
885 4587 888 4596 ·
998 4553 1041 4618 10
