2942 4892
315 263 475 328 denoteris
492 262 857 348 ecclcircnpooultdutes
874 266 986 348 rigore.
1197 271 1273 338 2⁶1:
1337 282 1343 286 ·
1376 327 1380 333 .

24 437 173 518 perionis
196 437 260 522 apri
286 441 429 504 doctores.
469 441 649 505 Referuntnr
672 444 855 525 plerumque,
869 445 906 506 ad
931 444 1123 526 disciplinam
1142 468 1203 511 see.
1222 451 1272 512 nd

24 525 131 588 finem
161 528 311 624 nergegtis
326 528 378 593 ΙΙΙ.
425 530 484 610 Qui
501 531 546 592 sic
571 542 720 608 statuunt,
744 551 817 608 suae
833 532 996 608 contentae
1019 537 1193 614 argumenta
1209 534 1289 618 dyc-³

27 615 240 695 prehendisse
263 616 320 678 sibi
344 617 481 680 ridentur
502 620 534 680 iu
565 619 703 700 Gregorii
731 619 1090 702 utnumerurginpntoto
1118 632 1262 700 cononice,

28 723 117 783 quae
145 701 193 764 illi
214 703 366 782 tribuitur,
399 708 432 768 dc
457 713 629 770 Paenitentia
654 715 814 789 hepterem
838 709 960 790 ejusque
984 731 1052 770 oun.-
1072 716 1146 772 Xl.v
1175 711 1270 774 Omni·

27 803 141 852 tamen
160 793 332 872 exceptione
348 795 442 876 mayor
457 815 515 856 uon
533 805 578 858 ost
594 816 694 858 eorum
714 795 868 873 sententia,
886 795 1116 876 disceptantibus
1133 797 1263 862 interae

28 879 186 958 eruditis,
208 900 246 942 an
261 881 327 962 ipsa
343 879 501 962 Gregorii,
526 901 564 946 au
582 883 679 946 aliena
696 903 785 946 manu
799 883 848 944 hic
864 902 975 961 canon,
999 885 1130 964 omniurn
1146 895 1271 968 postne-1

28 987 125 1044 mus,
152 968 286 1048 adjectus
309 969 399 1031 iuer-it
422 969 586 1050 epistolae?
620 971 667 1034 Ex
690 971 754 1034 novi
773 971 945 1052 posterioris
962 972 1119 1054 disciplina
1138 978 1262 1038 eundem

30 1053 388 1136 epistolaeaccessisac,
413 1057 561 1120 existimat
577 1060 627 1121 llu
642 1058 696 1122 Pin
720 1059 867 1138 (Bibliotlt.
894 1063 942 1121 dea
960 1065 1082 1123 Antrum
1099 1067 1262 1126 Ecdmtuat.

29 1151 55 1206 1.
77 1165 114 1224 p.
137 1143 245 1221 lita),
269 1147 346 1226 qnod
364 1145 466 1228 etjam
486 1155 555 1208 auto
578 1167 644 1210 cum
668 1150 809 1211 docuerat
829 1147 935 1211 loaun.
954 1147 1107 1224 Moriuus,
1131 1151 1181 1231 qui
1197 1159 1264 1233 post

29 1230 183 1294 haeresin
202 1231 316 1293 nonnisi
334 1233 564 1296 Noratianorum
584 1243 710 1317 quatuor
731 1233 800 1298 illos
821 1235 1017 1316 poenitentiae
1035 1236 1174 1317 publicae
1189 1260 1271 1316 μεν-υ

31 1323 91 1382 dus
128 1318 160 1378 in
194 1318 350 1382 ecclesium
381 1321 562 1384 introductos
587 1323 700 1396 luisse,
731 1332 815 1385 autor
837 1323 927 1384 uobis.
946 1331 991 1386 cst
1021 1323 1068 1406 (de
1089 1332 1270 1402 Poonltmttn

30 1407 140 1485 4‚2.).
160 1405 221 1468 Sed
240 1427 323 1469 suam
342 1408 476 1490 relinquo
490 1409 649 1492 unicuique
666 1410 849 1474 sententiam.
876 1411 939 1472 Res
957 1408 1039 1472 clara
1056 1421 1102 1472 cst
1114 1413 1268 1494 oninium·¹

32 1515 93 1576 que
117 1493 212 1557 evicta
230 1497 404 1573 testimonio,
420 1494 483 1577 legi
499 1499 553 1559 bos
571 1508 695 1579 quatuor
710 1497 907 1580 poenitentiae
923 1500 1034 1578 gradus
1050 1499 1081 1558 ia
1097 1502 1263 1564 canonibus

32 1582 245 1661 conciliorum,
270 1603 345 1664 quae
362 1581 647 1648 celebrata'luernnt
663 1605 723 1649 sec.
741 1609 770 1667 p.
789 1585 860 1648 Chr.
879 1584 941 1662 lv,
958 1585 1134 1666 scrupulose
1155 1588 1262 1650 distin-

33 1684 116 1734 ctos.
158 1669 226 1732 Huc
240 1670 363 1733 laniunt
384 1672 436 1734 illa
458 1674 623 1756 Ancyrmi,
647 1673 788 1749 Nicaeui,
812 1673 984 1736 Laodiceni*
999 1674 1191 1738 conciliorum
1205 1679 1267 1739 ule-r

34 1773 133 1822 creta.
170 1757 307 1836 Canoms
333 1781 450 1842 quoque
467 1761 610 1823 Basiliaui
627 1763 658 1822 iu
676 1761 782 1824 illaad
799 1759 1032 1842 Amphilochium
1051 1761 1175 1842 epistula
1191 1765 1263 1826 illo·
1381 1758 1384 1765 ’

33 1869 104 1910 rum
131 1846 306 1908 mentionem
330 1849 474 1910 interdum
499 1849 641 1930 prolixam
667 1849 811 1931 injecisse
832 1848 949 1910 dicendi
971 1857 1049 1912 sunt.
1084 1885 1125 1896 -
1162 1851 1189 1934 ξ.
1209 1853 1261 1917 14.
1289 1911 1296 1924 ,

34 1936 160 1998 Primus
177 1947 273 1996 autem
294 1945 321 1998 ct
337 1933 455 1998 intimus
473 1937 589 1999 illorum
609 1953 672 1999 erat
686 1928 912 2020 πρόσκλανσις,
935 1936 1004 1998 binc
1020 1940 1261 2018 nrpocnlnc‘orrec
1335 1977 1337 1986 =

36 2023 128 2100 dicti,
155 2023 205 2102 qui
223 2025 299 2084 bauo
316 2025 469 2088 stationem
487 2025 669 2106 poenitentes
689 2024 939 2105 ingrediebantur.
963 2015 1094 2096 ’Στάσις
1110 2045 1210 2088 eorum
1227 2027 1264 2088 in'

35 2131 113 2174 area
136 2120 201 2171 erat
224 2109 331 2192 templo
357 2113 496 2192 contigua
512 2133 538 2176 s.
553 2107 755 2196 προπυλαϊῳ,
779 2114 856 2194 quod
883 2111 1006 2192 primum
1023 2113 1265 2192 ingredientibus·

37 2199 171 2282 patebat.
206 2199 340 2260 Meminit
363 2199 451 2282 hujus
470 2207 580 2280 gradus
598 2223 696 2264 canon.
716 2207 771 2262 Xt.
791 2203 924 2280 epistolae
943 2199 1065 2278 Georgii
1083 2201 1211 2266 Thaum.
1227 2207 1264 2265 dc

37 2297 204 2368 Lupnorttm
225 2295 408 2367 poenitentia:
433 2285 481 2347 ‘H
498 2277 708 2370 πρόσκλαυσις
731 2284 791 2360 ἔξω
815 2285 872 2366 τῆς
894 2281 998 2366 πύλης
1014 2285 1072 2347 coi
1091 2281 1264 2370 cinquloun

37 2375 119 2436 inni.
161 2373 219 2451 Qui
245 2395 282 2436 ex
298 2377 516 2456 poenitentibus
533 2379 609 2438 banc
624 2376 779 2438 stationem
803 2373 1062 2453 ingrediebantur,
1088 2394 1172 2438 suam
1191 2377 1259 2456 qui-

37 2461 162 2537 busvis,
185 2483 262 2542 quae
279 2484 386 2526 seusus
404 2475 539 2526 externos
557 2464 719 2536 feriebant,
738 2461 943 2542 poenitentiam
963 2461 1110 2544 animique
1127 2463 1263 2526 dolorem

38 2549 268 2633 profitebantur,
292 2551 411 2631 lugubri
430 2564 509 2614 reste
525 2551 634 2628 induti,
661 2551 744 2632 proni
761 2550 790 2611 in
808 2558 913 2610 terram
930 2550 1037 2631 abjecti
1054 2572 1119 2612 cum
1137 2552 1262 2630 gemitu,

40 2640 142 2701 cinere
162 2645 190 2698 et
206 2636 304 2699 cilicio
322 2640 483 2716 sordidati,
504 2638 588 2700 effusi
606 2641 637 2700 in
656 2638 817 2720 lacrymas,
833 2637 865 2698 in
882 2638 1020 2718 squalore
1037 2647 1065 2699 ct
1082 2639 1172 2718 luctu,
1190 2647 1262 2701 eor-1

39 2747 113 2808 pore
130 2723 242 2787 inculto
262 2737 289 2788 ct
305 2749 425 2808 prorsus
443 2727 576 2806 neglecto
601 2726 726 2807 ejusque
751 2736 809 2788 toto
828 2724 930 2786 babitu
947 2729 984 2786 ad
1003 2731 1161 2788 movendos
1180 2727 1260 2788 elio-

39 2835 105 2876 rum
125 2813 251 2876 affectus
269 2817 439 2896 composito.
484 2814 638 2894 Lugubris
663 2815 753 2895 hujus
778 2812 913 2874 stationis
939 2833 1095 2875 aerumnas
1120 2814 1260 2876 describit

39 2903 240 2984 Hieronymus
256 2925 299 2983 op.
316 2899 359 2965 30
376 2906 414 2965 ud
434 2908 583 2964 occanum.
622 2901 744 2963 Praeter
765 2901 838 2962 hacc
862 2917 895 2958 se
913 2900 1044 2961 criminis
1069 2920 1139 2962 reos
1159 2900 1262 2982 pelam,

41 2989 262 3072 profitebantur,
279 2989 380 3052 fideles
397 3011 513 3072 quoque
530 2993 566 3052 ad
583 2988 709 3070 synaxin
725 2986 948 3062 couvenienteS,
967 2995 998 3048 ut
1016 3009 1067 3067 pro
1083 3009 1115 3049 se
1131 3005 1261 3069 precem-¹.

41 3091 96 3155 tur,
113 3075 215 3138 humili
234 3097 321 3179 proce
340 3079 568 3140 obtestabantur.
600 3077 644 3140 lta
663 3077 738 3139 cuim
756 3073 919 3154 Gregorius
938 3074 956 3135 Ι.
973 3073 1012 3137 l.:
1040 3073 1123 3136 ἔνθα
1139 3073 1260 3138 ἑστῶτα

41 3155 97 3226 τὸν
121 3159 340 3246 ἄμαρτανοντα
367 3153 425 3250 χρὴ
452 3163 514 3226 τῶν
541 3154 702 3226 εἰσιόντων
725 3157 857 3224 δεῖσθαι
879 3159 1015 3238 πιστῶν,
1044 3155 1124 3245 ὑπὲρ
1157 3156 1259 3226 airon]

40 3245 207 3334 εὔχεσθαι.
249 3253 384 3315 Tandem
401 3253 528 3334 separati
546 3264 645 3328 orant,
670 3249 825 3334 quam'diu
842 3249 951 3312 crimen
967 3249 998 3310 in
1015 3249 1072 3312 hoo
1088 3253 1183 3330 gradu
1201 3253 1259 3313 de-

39 3342 165 3416 flebant,
190 3342 227 3401 ab
255 3342 332 3403 omni
357 3341 480 3404 aliorum
499 3340 690 3418 commercio,
715 3338 886 3402 societatem
909 3357 974 3399 cunr
1000 3339 1039 3400 iis
1064 3338 1138 3402 inire
1161 3337 1280 3415 nelos,-

37 3439 191 3511 praeteroa
207 3449 344 3491 manuum
361 3429 547 3510 impositione
564 3433 600 3491 ab
621 3430 759 3510 episcopo
778 3426 856 3489 facta
873 3425 989 3506 indigni
1003 3428 1186 3489 habebantur
1201 3447 1259 3488 ue-

41 3540 98 3606 que
118 3535 238 3598 precum
259 3529 339 3580 eraut
354 3518 513 3599 participes
531 3536 586 3580 nec
601 3517 687 3580 susac
703 3535 793 3597 super
807 3534 859 3577 eos
883 3515 1048 3592 orationes3
1073 3517 1125 3576 sed
1144 3525 1174 3575 ut
1189 3533 1259 3576 vero

39 3606 224 3687 poenitentes
249 3606 448 3688 contritosque
471 3626 522 3667 eos
547 3607 697 3684 redderet,
722 3604 748 3667 si
772 3623 857 3685 quam
878 3603 1052 3664 mentionem
1075 3602 1105 3663 in
1129 3601 1258 3682 publicis

40 3694 181 3776 precibus
198 3714 298 3756 eorum
314 3695 456 3777 injiceret,
472 3695 567 3756 Deum
586 3691 843 3756 orabatccclcsia.
875 3692 919 3752 hc
934 3679 1152 3771 προκλαύσιως
1168 3689 1258 3771 hujus

41 3781 208 3862 exemplum
229 3785 372 3863 quendam
389 3781 521 3846 Natalem
549 3779 683 3844 nonnulli
705 3780 834 3856 faciunt,
859 3778 981 3859 primum
1007 3776 1161 3856 religionis
1183 3798 1258 3840 con-

39 3871 202 3947 fessorem,
227 3881 330 3950 postea
350 3869 621 3932 Theodotiauorunt
640 3867 794 3932 fraudibus
812 3875 840 3928 ct
857 3865 997 3946 pecunia,
1023 3875 1172 3928 uteorum
1190 3866 1256 3948 epi-

40 3977 153 4040 scopus
172 3970 336 4036 crearetur,
353 3959 521 4035 inductum,
541 3961 656 4020 tandem
674 3955 805 4018 oriminis
821 3953 899 4015 serio
918 3953 1128 4034 poenitentem,
1145 3957 1183 4016 de
1198 3975 1256 4036 quo

39 4047 192 4110 Eusebius
207 4045 277 4109 hist.
297 4047 369 4110 eccl.
385 4043 415 4123 5,
432 4049 484 4108 28.
508 4080 553 4094 -
582 4045 609 4128 ξ.
628 4046 679 4108 15.
697 4044 833 4106 Ceterum
850 4061 935 4122 quam
952 4041 1104 4122 praeclara
1122 4043 1208 4103 etiam
1224 4043 1257 4104 in

39 4137 97 4197 bac
121 4135 248 4208 statione
274 4135 370 4197 cordis
397 4133 511 4196 contriti
531 4133 618 4211 signa
645 4135 776 4209 ederent,
802 4141 898 4191 tament
916 4129 993 4190 bunc
1009 4131 1132 4210 gradum
1150 4130 1253 4212 poeni·
1336 4163 1341 4176 ·

40 4224 149 4286 tentiae
171 4222 288 4283 nonnisi
308 4225 430 4304 januam
456 4233 484 4284 et
506 4217 750 4302 προσκλαίοντας
772 4215 967 4300 poenitentiae
993 4217 1163 4280 candidatos
1189 4239 1255 4280 esse

39 4312 174 4384 nolebat,
194 4319 302 4372 tanturn
320 4315 419 4386 abest,
442 4321 474 4372 ut
488 4310 518 4370 in
536 4308 743 4390 poenitentium
760 4306 860 4368 ordine
878 4326 928 4368 eos
945 4305 1102 4368 babuisnet
1117 4305 1256 4368 ecelesia.

40 4400 109 4462 ldeo
126 4399 214 4462 etiam
230 4399 347 4460 infimae
363 4399 450 4480 hujus
466 4397 602 4460 stationis
626 4415 684 4458 non
701 4395 892 4476 meminerunt
906 4394 1010 4458 Patres
1031 4394 1060 4456 in
1077 4393 1208 4455 Nicneno
1227 4399 1256 4452 ct

38 4491 200 4574 Ancyrano
222 4487 372 4567 conciliis,
401 4490 437 4550 de
459 4487 681 4571 hyemantibus,
705 4485 756 4572 qui
780 4483 904 4550 Graecis
935 4473 1144 4568 χειμαζόμενοι
1167 4484 1256 4562 πίνῃ
