2944 4890
270 263 307 328 to
323 263 381 328 ritu
396 259 559 358 sepeliendi
575 266 705 326 mortuos
722 279 771 345 up.
786 268 855 332 vert.
871 263 1067 334 Christianos.
1205 267 1272 332 337

412 438 480 490 Hine
497 437 617 490 nomme
636 453 703 491 roro
719 439 850 506 sepulcris

410 507 577 573 impenditur,
594 506 653 559 ltine
669 509 801 562 resolutos

410 575 493 628 norror
513 577 620 628 ultimus
639 579 736 645 occipit
754 586 842 645 nnuc,

408 651 433 696 et
451 646 554 710 funeris
574 644 689 698 ambitus
706 655 787 700 ornat
895 675 901 684 ·

409 731 522 782 candore
538 732 651 783 nitentto
670 732 745 786 clero

409 801 582 866 praetendere
599 801 681 853 linteo
699 817 756 853 mos
773 808 823 867 cst,

411 869 590 936 oelspersuque
610 869 718 935 myrrino
736 869 854 935 Selenen,
876 883 878 888 '

359 969 364 975 ‹
411 953 508 1004 corpeus
528 939 696 990 orculieunrinr
715 945 814 992 scruot.

412 1023 542 1085 erirtnom
560 1023 611 1076 eiii
626 1040 700 1076 euro
716 1019 836 1076 canuto?

412 1091 480 1154 Quiri
495 1092 609 1158 pulcllrn
627 1095 716 1144 notram
735 1088 923 1146 monumento?

408 1163 464 1212 Iter
482 1163 548 1228 quort
565 1163 618 1214 uisi
635 1164 752 1216 creditur
769 1165 827 1216 illio

409 1245 461 1282 unu
479 1237 595 1298 mortun,
611 1233 657 1284 cert
672 1235 740 1284 «toto
757 1248 858 1284 somno.

56 1312 221 1393 Gregorius
241 1315 285 1390 (iu
305 1316 434 1399 Guntiou)
452 1309 630 1380 mortuorum
650 1339 775 1399 corporo
794 1315 912 1402 myrrha
929 1317 1046 1380 condita
1061 1316 1156 1382 luisse
1176 1317 1271 1397 tradit,

53 1423 90 1464 ue
114 1415 332 1484 putreseerenu
361 1404 513 1468 Annonius
533 1427 657 1486 corpora
679 1408 882 1470 defunctorum
902 1425 1009 1486 rungnn
1038 1427 1109 1468 curu
1129 1418 1217 1470 nnrrtu
1241 1417 1272 1469 ct

52 1491 233 1554 aromatibus
256 1490 372 1554 conditu
397 1492 490 1554 luisse
511 1493 599 1556 refert
620 1491 651 1570 4,
671 1497 722 1557 33.
757 1493 941 1557 Potentiores
960 1493 1077 1574 quitiam
1095 1515 1161 1557 cnm
1178 1515 1271 1558 oros·
1336 1489 1338 1494 ’

54 1579 159 1642 unientis
180 1591 208 1641 et
229 1601 301 1642 rruro
325 1577 556 1660 sepeliebantur.
587 1581 639 1644 Sic
658 1580 775 1663 sepulta
794 1581 850 1644 fuit
866 1580 1069 1656 Muriu,·uxor
1085 1581 1271 1662 imperatoris

52 1667 187 1739 Honorii,
206 1668 328 1731 Romae.
361 1669 413 1731 Sio
433 1669 597 1750 propinqua
614 1673 763 1750 quaedam
777 1669 878 1732 uxoris
896 1669 1057 1732 Guntarani
1075 1670 1156 1751 regis
1171 1671 1271 1732 Fran-

54 1777 152 1818 corum
178 1754 209 1816 in
234 1754 363 1818 eeclesia
379 1755 507 1818 Metensi
527 1757 729 1829 (Turonensis
745 1754 777 1836 8,
797 1759 873 1829 21.).
918 1757 998 1830 luter
1016 1759 1220 1838 «inponendum
1239 1757 1271 1820 in

52 1842 190 1924 sepulcro
208 1844 375 1906 defunctum
394 1845 578 1924 precationes
595 1846 708 1908 herbitas
721 1866 787 1907 esse
803 1841 978 1924 intelligitur
997 1867 1034 1908 err
1049 1857 1122 1907 orut.
1137 1845 1270 1908 Nuninn·

54 1932 118 1994 neni
138 1955 189 2014 pro
209 1937 340 1995 Gerororio
355 1935 455 2008 frotro,
480 1953 604 2014 quarum
624 1933 788 2014 exemplum
807 1935 929 1996 leniretur
944 1931 973 1994 in
993 1933 1049 2010 fine
1063 1935 1184 2013 mecedem
1199 1955 1270 1996 orn·

53 2027 146 2084 tionis.
175 2017 360 2094 Augustinus
375 2019 509 2082 hormines
526 2021 641 2096 divites,
658 2021 707 2104 qni
724 2021 812 2084 nimis
830 2042 954 2102 unarguos
969 2021 1119 2082 iaciebant
1134 2021 1164 2082 iu
1180 2019 1270 2084 iune·'

53 2109 136 2182 ribus
155 2119 304 2188 sumptus,
327 2109 515 2189 reprehendit
541 2111 588 2185 (rio
606 2116 659 2172 otor
672 2116 726 2172 Dei
746 2110 775 2184 l,
795 2112 858 2189 tt.)
887 2108 1126 2190 curationemque
1144 2107 1270 2186 funeris,

52 2195 221 2276 sepulturae
248 2195 458 2272 conditionem,
485 2195 675 2278 exequiarum
696 2219 847 2279 pompam,
874 2197 971 2277 magis
998 2196 1128 2258 vivorum
1153 2195 1270 2274 solatia,

53 2305 138 2366 quam
154 2283 288 2346 subsidia
305 2295 482 2351 mortuorum
500 2303 567 2347 osse
584 2285 691 2348 tradito
708 2286 839 2348 Eandem
854 2283 915 2347 rem
933 2284 1019 2346 etiam
1031 2285 1076 2346 io.
1090 2283 1270 2362 chrysosto-

52 2394 119 2435 mus
136 2371 244 2449 arguit
282 2371 385 2435 llciert
404 2370 585 2452 Gregorius,
607 2371 696 2434 moris
715 2371 810 2434 inisse
833 2393 888 2434 suo
908 2379 1046 2451 tempore,
1066 2373 1143 2450 quod
1163 2369 1271 2432 lunera

52 2459 221 2542 pontificum
233 2461 433 2522 Romanorum
449 2459 577 2524 solerent
593 2458 756 2524 dalmaticis
774 2459 901 2540 contegi,
918 2479 993 2541 quas
1006 2469 1072 2539 post
1087 2457 1270 2537 sepulturum

54 2549 180 2629 populus
197 2547 332 2612 concisas
349 2547 529 2620 reverentiae
547 2567 641 2610 eausa
658 2567 777 2610 serrare
794 2547 919 2612 solebat.
954 2547 1049 2624 Quem
1074 2565 1182 2608 morem
1203 2545 1270 2626 ipso

51 2636 204 2716 improbat.
231 2635 386 2716 iudignum
403 2636 478 2698 enim
494 2655 561 2698 esse
572 2636 684 2712 scribit,
701 2655 788 2712 „cum
803 2633 894 2706 multa
910 2635 1008 2698 adsint
1019 2635 1055 2697 an
1069 2633 1270 2716 apostolorum

52 2735 81 2786 et
101 2735 256 2806 martyrum
274 2720 447 2804 corporibus
464 2721 627 2802 uolumina,
652 2734 873 2804 apeceatormn
892 2723 1065 2805 corporibus
1083 2722 1169 2799 sumi,
1191 2724 1269 2804 quod

53 2815 291 2875 arlsernaretur.“
317 2812 425 2874 Statuit
442 2811 542 2891 igitur,
560 2822 613 2887 „ut
629 2812 777 2890 feretrum,
795 2833 852 2892 qno
869 2812 994 2876 Romani
1015 2809 1141 2889 potiiiois
1160 2825 1268 2890 corpus

52 2903 89 2962 ael
109 2897 309 2981 sepeliendum
330 2902 509 2977 ducebatur,
534 2898 615 2960 nullo
638 2897 766 2979 tegmine
784 2900 963 2962 velaretur.“
995 2895 1075 2958 lllud
1094 2897 1180 2959 otium
1199 2895 1269 2958 ino-

50 2988 162 3050 levisse
182 2987 304 3062 ridetur,
329 2999 361 3050 nt
378 2986 507 3068 episcopi
525 2986 635 3068 aliquid
653 3008 706 3069 pro
724 2987 876 3068 sepultura
893 2985 1076 3066 acciperent,
1101 3005 1187 3066 quam
1206 3001 1269 3048 rem

52 3075 223 3138 Messalino
241 3077 333 3156 episc.
350 3074 484 3158 prohibet
501 3074 665 3156 Gregorius
681 3075 899 3156 praecipitque,
920 3097 954 3136 no
970 3079 1089 3154 pretinm
1104 3095 1156 3152 pro
1171 3077 1269 3153 repui-

51 3175 118 3226 turo
137 3170 257 3243 reciptet
280 3164 356 3245 (epp.
373 3163 405 3226 7.
423 3167 442 3224 l
459 3173 485 3224 et
503 3163 578 3240 55.).
613 3163 687 3226 Cum
707 3173 803 3225 tumen
824 3172 928 3244 sponte
948 3181 1001 3242 pro
1024 3159 1220 3226 luminaribus
1237 3159 1270 3222 in

52 3251 160 3332 templo
178 3249 287 3332 aliquid
304 3251 451 3314 volueriut
466 3249 610 3312 haeredes
627 3253 706 3324 dare,
723 3263 755 3313 ut
770 3251 798 3312 iu
814 3251 926 3312 licitum
942 3251 980 3313 sit
995 3249 1141 3330 acccipere,
1158 3249 1269 3310 statuit.

141 3339 294 3419 caavtt.
331 3339 383 3402 lle
403 3338 607 3420 supulcris
629 3349 664 3402 et
683 3338 917 3419 epitaphiis.
941 3339 987 3400 ‘ln
1007 3336 1206 3412 coemeteriis,
1233 3337 1269 3398 de

50 3427 160 3508 quibus
180 3427 259 3488 inim
277 3426 386 3504 dicam,
411 3437 494 3489 erant
513 3426 689 3507 privatorum
709 3426 847 3508 sepulcra
866 3447 1044 3504 marmorea,
1072 3425 1218 3488 leteritata
1240 3430 1270 3486 et
1353 3432 1355 3435 '

48 3515 168 3578 loculos
186 3513 333 3591 brabantia,
353 3514 383 3576 in
402 3514 510 3596 quibos
532 3513 691 3578 Christiani
709 3513 938 3596 sepeliebantur.
970 3514 1017 3576 Ex
1034 3511 1182 3594 sepulcris
1199 3531 1269 3572 vero

49 3605 195 3684 quaedam
211 3602 307 3665 luisse
326 3601 532 3678 haereditaria,
550 3604 693 3683 quaedam
710 3602 861 3680 dormitio,
881 3624 917 3666 ex
936 3623 970 3664 eo
987 3611 1117 3684 apparet,
1137 3601 1214 3682 quod
1234 3601 1270 3662 dc

49 3690 185 3774 utrisque
204 3689 310 3754 mentio
332 3698 434 3754 exstat.
470 3690 514 3752 De
533 3690 740 3754 haereditariis
756 3691 955 3772 Hieronymus
974 3689 1004 3750 in
1028 3695 1108 3769 epist.
1125 3690 1165 3750 od
1181 3695 1271 3754 Mure

47 3783 166 3857 cellam,
190 3781 226 3840 de
246 3777 397 3840 donatitiis
413 3776 619 3840 Nazianzenus
638 3777 668 3840 in
687 3789 761 3842 oret.
784 3781 892 3854 fuerin.
914 3783 1041 3840 Guesurii
1058 3778 1161 3852 fratris
1184 3795 1269 3838 men-

47 3868 160 3933 tionem
178 3865 301 3930 faciont.
333 3865 564 3947 „Sepulcrum‚“
583 3865 687 3947 inquit,
705 3887 745 3941 „a
763 3866 849 3930 notris
868 3863 1030 3928 Caesarius
1047 3865 1155 3924 donum
1171 3861 1270 3942 hachet,

48 3959 129 4032 qood
164 3955 335 4036 parentibus
367 3976 402 4016 uo
429 3953 572 4018 senectuti
603 3953 635 4014 in
666 3964 795 4036 tempore
819 3975 874 4016 suo
904 3953 1001 4014 fuerat
1031 3955 1270 4032 praeparatum.“

45 4043 236 4123 Nicephorns
253 4044 333 4128 (lutet.
345 4038 378 4120 8,
395 4043 454 4121 13.)
471 4040 582 4114 scribit,
601 4041 744 4106 Helenam
758 4045 922 4122 Augustam
936 4038 1150 4123 Hierosolymis
1164 4060 1269 4120 agrum

44 4131 135 4210 figuli
164 4131 261 4212 parmi
295 4131 464 4204 curavisse.
496 4131 533 4191 ad
559 4129 781 4208 peregrinorum
814 4140 842 4191 ct
871 4130 1051 4190 advenarum
1077 4128 1269 4208 sepulturam.

44 4220 248 4300 Hieronymus
268 4222 306 4282 uel
324 4219 534 4282 Porumocluinm
554 4219 588 4278 ele
606 4219 680 4297 obitu
698 4221 837 4278 Pontinus
855 4223 970 4291 acoris:
996 4215 1144 4294 „Ceteri‚“
1165 4213 1268 4294 inquit,

44 4307 172 4386 „mariti
191 4327 283 4389 snper
299 4307 427 4382 tumulos
443 4305 602 4387 conjugum
619 4313 764 4384 spargunt
782 4301 894 4381 riolas,
914 4325 1014 4382 rosas,
1038 4303 1101 4366 lilia
1120 4303 1268 4381 ssoresqno

44 4417 216 4477 purpureos
231 4405 259 4458 et
274 4395 404 4458 dolorem
420 4393 547 4476 pectoris
560 4390 607 4453 his
621 4391 728 4456 officiis
739 4392 962 4458 consolantur.“
990 4394 1077 4473 Quod
1089 4388 1267 4454 Prudentius

42 4484 77 4547 in
94 4488 190 4561 nunno.
206 4486 377 4567 toeeeqntts
392 4493 526 4550 mortuor.
545 4478 666 4566 repetitu
759 4527 761 4532 ι
1047 4476 1050 4486 ’

95 4585 164 4630 rus..
176 4585 280 4642 nunqua.
291 4585 363 4630 eurum
374 4585 405 4632 11.
417 4590 437 4630 ε.
676 4617 678 4622 .
979 4633 982 4645 Δ
1021 4567 1064 4633 22
