2944 4898
255 303 272 331 ·,
282 233 318 297 tle
334 231 429 296 sacris
445 185 572 315 publicis
590 237 627 300 ab
645 195 755 304 eccles.
770 247 827 306 ret.
843 241 979 310 studiose
994 201 1093 316 cultis.
1154 187 1174 288 ’ἢ
1195 277 1198 284 ·
1275 226 1302 320 δ’

62 405 158 468 stiani
184 407 357 470 memoriam
380 409 522 470 donorum
548 410 678 492 Spiritus
700 411 819 494 Sancti,
852 419 995 500 apostolis
1020 414 1210 505 tntoinn*);
1237 447 1294 490 noc
1401 493 1407 500 ,

60 493 247 557 incredibile
265 502 318 569 est,
345 495 479 582 coepisse
497 496 682 563 Christianus
698 521 716 562 a
733 503 817 565 tertio
833 505 901 568 inde
916 507 1038 570 sacculo
1055 503 1152 589 sacra,
1174 513 1292 577 cbristo

60 583 93 642 in
120 582 230 645 coelos
246 580 375 644 'sublato
398 583 510 665 dicata,
535 584 686 650 celebrare
696 588 750 670 **).
795 591 881 668 Quae
914 595 990 657 festa
1015 617 1124 676 magna
1145 598 1292 680 religiono

63 669 221 732 celebrata
236 669 350 748 luisse,
377 670 483 733 exinde
499 671 658 754 colligitur,
684 679 760 756 qnod
778 684 807 737 et
822 681 978 758 paschatos
996 692 1222 764 otpenrecostes
1238 708 1290 750 sc·

60 757 219 820 lemnibus
235 757 352 836 integra
369 769 472 822 octana
487 760 584 822 dicata
602 770 665 823 erat
689 765 822 844 adeoque
838 763 1035 848 qnadraginta*
1058 769 1102 830 illi
1118 772 1191 849 dies,
1214 773 1291 837 inter

58 845 179 924 pascha
197 855 226 906 et
244 853 432 925 pentecosten
454 847 608 925 interiecti,
624 849 693 912 festi
708 853 872 930 agebantur
882 853 949 932 m).
977 855 1135 920 Praeterea
1152 859 1290 940 singulae

61 931 217 994 ecclesiae
234 951 321 994 sacra
338 933 501 1014 peculiaria
516 935 672 1014 habebant,
698 957 714 998 e
731 937 838 1018 quibus
855 959 890 1002 ea
906 940 1090 1018 potissimum
1111 929 1289 1013 commemo·
1327 996 1336 1009 .

60 1021 160 1080 raudo
177 1029 264 1096 sunt,
290 1039 365 1100 quae
382 1023 427 1081 ad
450 1025 622 1085 servandam
639 1034 796 1106 martyrum
821 1027 989 1090 memoriam
1004 1027 1044 1090 iis
1062 1030 1154 1111 ipsis,
1180 1033 1287 1113 quibus

59 1106 197 1188 martyrii
225 1116 614 1190 eoronamreportnreraut,
638 1111 742 1174 diebus
764 1112 994 1185 instituebantur
1012 1113 1160 1194 (batalitia
1176 1119 1288 1203 marty-

59 1195 156 1271 r'um).
195 1194 273 1268 Nam
296 1195 453 1257 asaecole
477 1195 546 1258 inde
573 1201 702 1260 secundo
727 1209 835 1261 tantum
861 1201 1037 1286 martyribus
1062 1195 1192 1268 habitum
1219 1225 1287 1271 esse

59 1283 217 1358 bonorem,
235 1291 266 1343 nt
282 1281 421 1358 memoria
435 1303 534 1344 cenum
550 1283 633 1347 festis
650 1285 871 1362 anniversariis,
888 1289 996 1370 quibus
1007 1292 1132 1372 agendis
1142 1303 1285 1357 constan-

8 1445 11 1452 ,
62 1369 120 1431 tiae
138 1373 244 1430 eorum
262 1377 290 1430 et
306 1369 422 1449 pietatis
441 1371 605 1452 exemplum
624 1372 799 1436 Christianis
817 1376 854 1435 ob
871 1376 975 1437 oculos
992 1379 1061 1458 poni
1079 1381 1211 1458 debebat,
1234 1403 1285 1444 rc-

64 1455 226 1532 coleretnr,
244 1456 361 1518 idoneis
379 1457 542 1519 confirmari
559 1467 655 1538 potest
672 1461 898 1541 testimoniet).
927 1464 1018 1545 Atque
1031 1465 1076 1526 sic
1088 1465 1179 1528 facile
1193 1467 1284 1528 intel-

61 1544 177 1624 ligitur,
192 1543 325 1605 «auxisse
343 1543 527 1606 Christianos
545 1565 632 1608 saera
647 1546 766 1628 publiea
782 1551 936 1621 admodum
954 1553 1096 1628 studiose,
1121 1563 1162 1630 ut,
1186 1555 1283 1617 Deum

8 1639 9 1720 J
64 1641 90 1692 et
106 1629 261 1693 Christum
286 1633 388 1692 crebro
412 1634 587 1712 adorantes,
613 1647 641 1696 et
664 1635 777 1708 alerent
798 1636 933 1717 pietatem
952 1648 983 1701 et
1002 1638 1135 1702 facerent
1155 1660 1219 1702 eam
1236 1650 1284 1705 te·
1335 1693 1338 1700 .

8 1731 9 1736 ’
62 1725 178 1780 statam.
998 1737 1002 1742 '
1267 1744 1270 1752 '

152 1806 198 1866 lto
216 1804 308 1884 igitur
324 1806 420 1867 auctis
438 1804 672 1869 Christianorum
696 1805 792 1886 sacris
816 1827 883 1868 mox
904 1808 1082 1872 intellectum
1109 1823 1168 1888 cet,
1191 1831 1282 1892 aegre
1316 1807 1323 1812 ’

62 1914 167 1955 carere
185 1893 339 1954 ecclesiam
358 1892 493 1974 personis
508 1892 646 1974 publicis,
664 1913 739 1973 quac
754 1891 793 1952 iis
812 1906 1009 1975 operarentur.
1036 1898 1136 1973 Quare
1153 1920 1215 1960 mos
1230 1886 1282 1962 ille

62 1978 426 2060 ecclcsiac'apnstolicae,
450 2001 505 2061 quo
524 1979 646 2063 quilibet
662 1979 848 2044 Christianus
864 1983 986 2044 docendi
1002 1983 1171 2047 facultatem
1187 1984 1282 2050 babe-

8 2139 10 2154 μ
60 2071 121 2144 bat,
141 2067 252 2129 sensim
269 2066 472 2148 »paulatimque
489 2068 625 2148 sublatus
643 2075 671 2128 ot
686 2065 847 2146 peculiaris
864 2067 1021 2146 bominum,
1039 2092 1088 2137 res
1104 2091 1207 2135 sacras
1224 2077 1280 2136 ad·
1392 2105 1397 2112 ·

8 2183 10 2190 ·
59 2155 299 2234 ministrantium,
318 2157 389 2216 ordo
405 2155 580 2236 constitutus
597 2163 650 2217 cst.
675 2155 735 2231 Qui
751 2157 789 2215 ab
806 2155 887 2216 initio
904 2177 952 2219 res
971 2158 1161 2221 ecelesiarum
1180 2171 1280 2224 exter-

8 2247 9 2308 }
60 2264 115 2304 nas
132 2249 308 2307 curaverant
325 2237 544 2322 ctdisciplinae
560 2252 780 2323 prospexerant,
807 2243 937 2324 episcopi
954 2247 1169 2327 etpresbyteri,
1195 2249 1280 2312 abie-

8 2325 11 2340 '
59 2340 128 2392 runt
147 2333 325 2392 snecodcnte
343 2339 472 2410 tempore
488 2329 518 2390 in
541 2329 675 2410 publicos
700 2327 892 2392 eeclesiarum
911 2334 1061 2408 doctores,
1086 2332 1127 2394 ita
1152 2335 1278 2414 quidem,

58 2428 91 2478 ut
107 2421 145 2478 ab
164 2417 230 2498 ipso
246 2417 314 2478 iude
332 2417 529 2497 apostolorum
546 2425 640 2479 aetate
663 2413 794 2497 episcopi
820 2427 848 2478 et
873 2419 1033 2501 presbyteri
1057 2419 1120 2480 lere
1144 2421 1200 2480 soli
1223 2424 1279 2481 do-

59 2504 143 2566 cendi
158 2524 278 2566 munere
289 2501 571 2587 tangerentur&
584 2505 733 2584 Adeoque,
750 2504 844 2584 saeris
857 2505 1032 2582 christianis,
1052 2521 1127 2586 quae
1143 2508 1181 2567 ab
1193 2505 1276 2569 initio
1293 2523 1296 2528 ·

59 2595 95 2654 ad
113 2612 289 2674 synagogae
312 2589 532 2667 similitudinem
551 2591 710 2671 composita
734 2591 866 2668 inerant,
892 2603 958 2673 post
981 2592 1107 2654 mettun
1125 2593 1278 2656 saeculum
1374 2639 1378 2646 .

17 2722 22 2729 -
60 2682 223 2742 secundum
239 2679 334 2760 magis
352 2682 388 2740 ad
406 2698 554 2741 sacrorum
572 2676 672 2758 templi
689 2679 803 2740 ludoici
812 2677 985 2761 'exemplum
1002 2680 1144 2764 formatis,
1171 2673 1202 2743 et*
1215 2692 1277 2744 orto

60 2769 136 2830 inter
151 2767 277 2829 clericos
294 2774 323 2828 et
337 2765 433 2828 laicos
449 2765 626 2844 discrimine,
649 2785 686 2826 ne
702 2765 785 2827 licuit
801 2765 915 2848 quidem
934 2767 1079 2846 omnibns,
1098 2768 1205 2848 qnibns
1220 2764 1277 2831 lto'c

60 2855 230 2935 placuisset,
257 2853 433 2918 Christianis
449 2856 599 2915 doctorum
616 2863 713 2934 partes
729 2873 830 2932 agere,
854 2875 952 2916 rerum
969 2856 1017 2918 ins
1034 2864 1062 2917 et
1078 2863 1209 2936 potestas
1225 2877 1277 2919 sa-

62 2943 116 3004 rris
127 2941 276 3023 operandi
300 2941 372 3003 solis
391 2941 507 3003 clericis
532 2959 673 3002 concessa
695 2939 761 3004 init.
799 2941 902 3021 Neque
927 2942 1056 3020 exiguus
1082 2952 1144 3004 erat
1166 2941 1211 3004 rel
1230 2944 1276 3008 bis

63 3029 242 3107 temporibus
260 3049 403 3090 numerus
416 3027 600 3090 clericorum.
639 3027 714 3088 Nam
731 3025 761 3086 in
785 3026 917 3105 plurimis
935 3049 993 3088 non
1008 3027 1124 3086 urbium
1144 3005 1280 3092 model

61 3117 233 3200 oppidorum
251 3113 461 3192 celebriorum,
486 3135 586 3178 rerum
607 3112 692 3174 etiam
710 3111 932 3193 municipiorum
947 3111 1157 3192 ignobiliorem
1175 3114 1275 3177 ecclc-

59 3207 119 3282 siis,
137 3213 256 3286 practer
278 3204 457 3286 episcopum,
474 3201 639 3284 praesulem
656 3202 850 3279 sacerdotum,
867 3198 969 3280 plnres
987 3201 1161 3282 presbyteri,
1178 3223 1276 3282 auag-

59 3302 161 3354 nostae
176 3301 330 3374 practerea
348 3311 402 3354 sen
419 3291 561 3366 lectores,
585 3287 756 3370 psalmistae
774 3298 802 3349 et
819 3288 982 3351 exorcistae
999 3288 1103 3364 sacris
1127 3289 1276 3352 faciundis

58 3376 372 3464 adhibebantur†††).
384 3377 444 3458 Qui
454 3379 571 3461 quidem
583 3379 715 3440 doctores
727 3375 836 3458 publici
850 3397 938 3459 qunm
950 3376 1072 3459 privatis
1084 3377 1275 3447 ecclesiarum

109 3597 212 3724 w.
239 3603 359 3658 rmus
376 3601 407 3654 oo
434 3601 549 3654 rectora.
577 3615 601 3651 ο.
624 3599 667 3652 14.
694 3606 722 3651 ιι
745 3599 776 3652 no
797 3594 930 3668 capetano,
945 3615 968 3651 o.
991 3599 1033 3652 to.
1055 3559 1082 3651 el
1099 3603 1227 3653 ronam
1244 3603 1275 3656 ne

63 3689 121 3741 peso
142 3687 157 3724 a
191 3709 198 3724 .
1261 3695 1264 3702 '

123 3741 171 3808 **)
188 3757 216 3792 v.
235 3741 334 3792 Horatii
344 3739 503 3792 Abbnudb:
527 3739 608 3788 Uebor·
625 3737 764 3786 daeAlter
781 3737 826 3787 der
837 3728 1125 3802 Fimmelsobrtrsestea
1144 3739 1173 3787 r'n
1188 3742 1276 3806 Wag·
1372 3783 1375 3798 ,

58 3811 111 3860 nitz
128 3814 238 3872 mrurg,
258 3811 378 3864 Iournol.
402 3813 436 3864 B.
456 3811 490 3862 V.
509 3811 547 3857 St.
567 3809 621 3858 ΙΙΙ.
638 3821 665 3872 p.
684 3806 814 3861 305-212.

124 3875 185 3944 m)
207 3895 233 3930 v.
257 3872 367 3932 Tmoli.
386 3878 418 3928 de
436 3877 553 3927 idololat.
576 3889 600 3924 o.
621 3874 663 3926 tt.
684 3881 711 3924 et
731 3874 762 3924 do
782 3889 878 3924 corona
895 3873 994 3934 militis,
1013 3889 1037 3922 c.
1058 3872 1101 3926 13.

124 3949 155 4014 †)
181 3964 209 3998 v.
236 3947 373 4015 epistolum
400 3946 527 3997 ecclosias
550 3943 712 4026 smyrnensis
738 3943 805 4009 apud
829 3942 924 3994 Esset».
951 3939 983 3996 ll.
1008 3939 1040 3992 ll.
1061 3940 1092 3992 L.
1115 3939 1157 3992 lV.
1185 3957 1210 3994 o.
1231 3945 1275 3998 ld.

62 4017 186 4082 Cypriani
206 4032 247 4083 cp.
266 4017 309 4068 31.
332 4032 356 4082 p.
376 4013 421 4066 tt.
441 4021 468 4065 et
489 4014 678 4064 Tertutteonnnr
698 4011 729 4062 de
748 4025 844 4062 corona
861 4010 961 4061 militis.
983 4009 1023 4062 ct.
1045 4009 1277 4078 casparsagina.

60 4086 113 4134 rtur
136 4085 167 4136 do
194 4092 336 4152 martyrum
361 4083 487 4134 natalitiis
514 4082 540 4132 in
564 4081 696 4146 primitivo
717 4080 838 4131 ecclesia.
877 4079 954 4130 leuno
974 4079 1050 4132 1683.
1070 4087 1097 4131 et
1115 4081 1279 4134 Sebreerbbir‘

64 4153 164 4208 Cbnbtl.
180 4142 456 4217 Kirebengeocbe'cbte,
477 4149 526 4200 Tb.
546 4147 592 4199 tlt.
614 4165 640 4215 p.
661 4149 709 4200 113
729 4163 784 4214 sqq.

125 4223 179 4290 ††)
205 4237 229 4273 r.
250 4221 391 4286 Fordigm'
414 4218 572 4272 dissertum
592 4218 741 4268 muneribus
768 4215 1005 4268 ecelesiao‘oetnto
1026 4217 1216 4284 Apostolorum.
1243 4217 1275 4270 1..

63 4289 134 4410 11776.
156 4299 184 4342 et
203 4287 324 4341 Planclr'r'
346 4289 497 4340 Georbr'ebte
519 4287 566 4336 der
589 4286 901 4346 christicole-dirmidium
924 4285 1278 4352 Gerellrrbnftrurrfursung,

83 4358 128 4412 .l.
169 4398 176 4412 .
197 4361 235 4417 et
254 4375 294 4409 s.
436 4391 437 4394 =
889 4369 895 4376 ·

124 4377 198 4496 tlt)
218 4374 390 4483 Suclrdctom
410 4426 520 4492 collegis
535 4425 601 4480 'sotis
620 4425 705 4496 amplo
724 4425 819 4492 luisse,
843 4431 872 4478 nt
893 4438 970 4478 unum
989 4424 1064 4476 modo
1083 4435 1277 4476 commemorem
