2944 4890
219 341 283 411 ort
517 345 522 350 ·
629 297 739 404 nult.
753 315 899 401 ἀιαιιι
914 333 1012 399 aaa

219 517 389 604 peritissimi
411 517 514 580 barum
537 532 634 576 rerum
656 509 814 596 jndices,*)
839 509 1052 583 Marcionitae,
1084 507 1299 591 sejunctionem
1325 505 1441 570 missae

219 607 495 671 catechumenorum
513 611 541 664 ct
558 603 665 663 missae
683 601 810 661 fideliam
826 593 858 659 iu
874 598 969 659 sacris
988 597 1157 659 christianis
1176 605 1348 657 constanter
1365 609 1440 657 tam·

220 714 305 778 quam
331 692 592 756 adlectationerua
616 688 802 772 simplicitate
820 685 993 766 evangelica
1017 685 1142 746 alienam
1167 685 1442 765 adspernalrantur.

219 783 265 846 Eo
281 779 414 844 nimirum
431 793 570 860 tempure,
589 796 645 857 quo
663 773 858 836 Marcionitae
874 777 910 834 ab
929 771 1057 874 ecclesia
1076 771 1219 834 catlrolioa
1236 781 1441 846 secesserant,

219 870 251 931 in
268 867 324 932 lrao
341 869 407 949 ipsa
422 867 576 929 disortium
592 865 670 924 istud
684 862 849 938 missarum,
867 862 887 922 i.
900 879 924 922 e.
943 859 1039 922 cultus
1052 859 1169 926 divinas
1182 861 1218 920 ad
1232 858 1441 940 mysteriorum

220 957 343 1018 fo'rrnarn
368 953 571 1034 compositum,
595 953 723 1012 nondum
742 949 948 1027 obtinebat.“)
965 979 1009 992 -
1028 946 1056 1029 β.
1078 947 1127 1008 12.
1145 945 1253 1010 Veram
1271 945 1352 1006 euim
1373 965 1442 1006 rcro

221 1043 276 1106 etsi
295 1051 477 1104 sacramenta
495 1038 654 1100 christiana
677 1057 713 1098 ea
730 1047 841 1109 aetate,
867 1055 925 1116 qna
943 1033 1065 1116 primunr
1086 1033 1165 1094 notio
1185 1033 1393 1112 mysteriorum
1413 1033 1441 1092 in

221 1151 257 1192 ca
273 1127 425 1191 transferri
443 1127 548 1206 eoepit,
565 1129 693 1186 nondum
704 1125 740 1184 ad
754 1125 867 1184 modurn
880 1122 1082 1202 mysteriorum
1096 1123 1327 1201 peragebantur,
1345 1129 1441 1181 tamea

221 1215 266 1278 rel
291 1219 327 1277 ad
346 1215 565 1276 conversionem
584 1216 693 1288 formae
711 1229 810 1272 eorum
828 1209 875 1270 ria
890 1209 951 1290 jaon
969 1220 1031 1269 orat
1049 1209 1169 1269 uruuita.
1202 1207 1271 1286 lpse
1288 1207 1372 1268 notio
1388 1205 1441 1266 illa

220 1301 390 1384 hujusmodi
410 1297 559 1362 mutationi
577 1319 678 1360 ansam
695 1298 864 1377 praebebat.
883 1297 1150 1382 decedebat,lquod
1166 1292 1228 1355 lieri
1246 1305 1306 1355 neu
1323 1295 1441 1376 potuis-

222 1400 284 1466 set,
304 1388 373 1471 quin
393 1387 577 1448 incommodo
594 1403 651 1446 oon
670 1384 747 1446 leria
763 1384 832 1445 inde
849 1391 918 1445 nato
935 1391 1045 1452 esseut,
1064 1381 1089 1443 si
1108 1379 1236 1444 eeclesia
1252 1395 1443 1443 sacramenta

223 1495 280 1539 sua
296 1495 394 1538 coram
411 1473 629 1537 catechumenis
646 1471 836 1534 celebrasset.
872 1471 958 1547 Quod
975 1467 1159 1550 potissimum
1177 1471 1213 1530 de
1230 1485 1324 1529 coena
1345 1470 1444 1530 donti-

220 1564 330 1626 minicn
353 1563 460 1623 dictum
485 1559 630 1622 volomus.
672 1559 747 1621 Naro
772 1555 909 1638 baptismi
933 1557 990 1618 bac
1007 1557 1038 1617 iu
1062 1575 1154 1618 causa
1177 1553 1273 1616 obiter
1297 1558 1445 1618 duntaxat

221 1647 359 1712 babendo
383 1657 427 1711 est
451 1647 542 1724 ratio,
577 1663 643 1710 earu
668 1649 771 1708 modus
796 1662 860 1706 eum
886 1643 1107 1707 administrando
1131 1644 1161 1704 in
1187 1651 1286 1705 rutero
1310 1643 1446 1705 ccclesia

222 1749 384 1799 consuetus
400 1755 453 1818 per
469 1757 502 1796 se
517 1735 582 1817 ipsc
599 1743 779 1814 spectatores
796 1731 906 1794 otiosos
922 1747 1024 1794 omnes
1037 1742 1160 1810 arceret,
1177 1751 1214 1792 ne
1227 1749 1284 1810 qua
1296 1731 1447 1811 pudicitia

221 1825 397 1888 laederetur.
442 1819 527 1901 Quod
553 1833 650 1884 autem
668 1824 704 1882 ad
730 1819 936 1882 eucharistiam
960 1820 1078 1896 attinet,
1105 1837 1141 1880 ea
1165 1827 1355 1898 tempestate,
1386 1841 1446 1900 qua

222 1923 443 1992 persecutorum
460 1903 584 1972 saeuitia
596 1904 774 1972 Christianis
790 1906 920 1988 undiquc
934 1903 1138 1980 insidiabatur,
1153 1925 1284 1966 summac
1302 1905 1446 1968 videlicet

222 1997 393 2060 temeritatis
408 1996 515 2058 luisset
528 1999 564 2058 ad
580 1995 698 2076 epulam
716 1994 787 2055 illud
801 2013 926 2068 sacroru,
943 1994 1029 2074 cnjus
1044 1989 1262 2074 participatione
1274 1991 1445 2055 Christiani

223 2093 303 2143 certo
321 2084 587 2160 dignoscebantur,
614 2081 746 2142 homiues
772 2099 942 2156 arcessere,
962 2082 998 2162 do
1016 2099 1138 2162 qnorum
1155 2079 1269 2155 animo,
1290 2085 1444 2160 morundo

223 2187 296 2247 erga
307 2157 456 2240 Christum
473 2166 570 2228 allecti
588 2167 656 2238 siut,
674 2169 801 2228 nondum
819 2167 891 2228 satis
905 2164 1128 2244 constabat.”*)
1148 2166 1254 2228 'Tales
1267 2187 1342 2228 reru
1362 2181 1445 2231 ersut

223 2255 516 2330 catechumenium
536 2255 613 2316 butte
631 2253 729 2334 ipsum
746 2253 776 2314 iu
795 2252 881 2315 fine·
901 2254 1058 2316 novitiatus
1073 2253 1206 2315 tirocinia
1223 2251 1400 2332 militarent,
1418 2249 1457 2318 ut'

222 2343 370 2406 sincerum
395 2341 524 2404 animaru
544 2341 690 2404 ecclesiae
715 2343 936 2422 comprobarent
961 2339 1033 2422 (rid.
1052 2341 1116 2424 §.3
1136 2349 1164 2402 et
1187 2339 1233 2420 b).
1279 2342 1444 2420 Addamus,

223 2431 299 2512 qood
316 2429 485 2510 praeseutia
500 2429 693 2504 novitiorum,
712 2433 861 2510 utcunque
879 2429 954 2490 bene
975 2438 1167 2505 moratorum,
1190 2428 1222 2488 iu
1239 2426 1444 2492 celebratione

223 2537 327 2579 sacrae
346 2509 455 2578 cosano
471 2516 518 2578 itis
542 2516 615 2596 ipsis
631 2515 721 2578 facile
739 2514 894 2577 olleasioni
915 2535 981 2577 esse
998 2522 1127 2596 poterat,
1150 2515 1259 2596 quippe
1280 2517 1348 2598 qui,
1368 2537 1442 2598 quae

224 2651 426 2669 m

290 2735 306 2766 ⁴
353 2733 412 2788 Vid.
438 2726 567 2802 (lliioter)
592 2733 668 2790 Vere.
697 2739 724 2788 ii.
751 2737 777 2787 d.
802 2738 896 2790 kirebl.
919 2738 1032 2790 Altertb.
1062 2737 1108 2788 der
1132 2735 1274 2792 Gnostiler
1309 2755 1339 2804 p.
1361 2741 1399 2792 to
1426 2757 1445 2790 s.

224 2797 298 2856 Nera
317 2820 346 2855 en
373 2795 439 2856 llist.
460 2801 562 2856 Ecclos.
598 2803 670 2856 Tou.
691 2805 710 2856 l.
739 2803 767 2856 Ρ.
787 2799 820 2856 11.
848 2823 874 2872 p.
892 2803 941 2857 811
968 2813 996 2856 et
1019 2806 1191 2872 Antipuostio.
1224 2823 1249 2876 p.
1268 2805 1319 2858 stt
1351 2823 1377 2860 s.
1417 2809 1455 2860 lit¹

223 2873 308 2925 locutu
327 2873 467 2925 excitatum
484 2871 640 2924 Tertulliani
661 2868 693 2924 atl
711 2863 879 2924 Marcionitas
898 2875 1033 2940 speciatim
1051 2873 1205 2938 celeremus,
1229 2875 1344 2926 aliorum
1369 2879 1455 2934 etism,

223 2941 329 2992 Petrum
348 2941 379 2990 do
395 2941 443 2992 ltro
460 2943 562 2992 bseresi
576 2943 717 2993 relationes
729 2942 899 2992 cummunione
913 2943 1032 2993 suadeat.
1065 2943 1110 2993 trio
1125 2942 1283 3010 Epiphanius
1298 2943 1390 2998 noso.
1405 2939 1455 2999 tt!

225 3006 255 3073 ξ.
273 3008 299 3058 8.
327 3009 358 3058 de
377 3006 509 3060 Marcione
534 3011 630 3062 tradit:
663 3003 812 3074 Monetium
838 3008 871 3060 dd
897 3007 985 3070 δῆθεν
1007 3005 1071 3077 παρ’
1097 3006 1172 3076 orire]
1197 3010 1371 3064 ἐπιτελεῖται
1396 3016 1447 3065 τῶν

223 3078 438 3194 ααιηώουμένιυν
461 3071 600 3142 ὁρώντων,
625 3107 660 3120 -
692 3085 719 3128 et
743 3077 930 3144 Hieronymus,
958 3085 1126 3132 commentor.
1151 3081 1178 3132 iu
1202 3079 1249 3148 Ep.
1279 3080 1313 3132 ad
1342 3081 1454 3146 Galat,

223 3157 249 3210 p.
266 3142 278 3193 l
333 3139 418 3208 (Toni.
436 3143 482 3195 1Χ.
502 3143 566 3211 Opp.
588 3146 628 3195 ed.
644 3143 780 3209 Froaool.)
800 3143 831 3196 ad
850 3145 933 3196 locum
949 3143 1035 3197 Galat.
1057 3145 1082 3210 6,
1099 3147 1123 3200 b.
1147 3155 1267 3200 annotat:
1292 3141 1454 3215 „Marcioni

223 3211 291 3261 bunc
311 3209 395 3330 ipepm
419 3213 457 3310 i‘t‘a
479 3213 665 3279 interpretatos
690 3219 746 3279 est,
775 3217 803 3264 ut
825 3209 944 3280 pateret,
974 3213 1064 3265 fideles
1083 3221 1110 3265 et
1134 3217 1341 3268 catechumenos
1371 3219 1447 3271 simol

223 3290 304 3330 ornne-
335 3293 421 3330 eero.
1024 3317 1026 3321 -

293 3345 336 3411 **)
355 3346 419 3398 Cum
439 3348 513 3398 modo
533 3349 658 3415 expositis
676 3361 838 3416 nequequam
856 3351 989 3402 discordet
1006 3351 1078 3402 loeus
1096 3351 1216 3418 origenis
1236 3368 1260 3404 e.
1279 3350 1359 3408 cors.
1383 3358 1411 3418 l,
1428 3358 1448 3410 l.

222 3430 249 3482 p.
270 3414 320 3466 stt
342 3430 382 3480 s.,
403 3416 447 3466 ubi
468 3416 499 3466 do
519 3415 594 3468 Celso
615 3417 679 3468 bueo
698 3417 859 3479 referuntur:
886 3417 1004 3486 Πρῶτον
1025 3419 1179 3486 scililicet
1201 3411 1368 3488 κεφάλαιόν
1395 3425 1449 3477 lars

221 3482 382 3550 βουλομένῳ
400 3476 558 3548 διαβάλλειν
574 3481 798 3554 χρισιιανισμὸν,
821 3478 855 3542 οἷς
878 3481 1018 3548 συνθήκας
1037 3479 1192 3554 κρύβδην
1215 3484 1285 3555 πρὸς
1305 3485 1452 3558 ἀλλήλους1

221 3551 400 3619 ποιουμένων
416 3552 585 3620 χρισιιανῶν
601 3549 678 3619 παρὰ
697 3549 729 3602 rel
748 3555 944 3622 reconstruere,
967 3548 1010 3605 dn
1030 3553 1250 3620 silvancetensis·
1266 3555 1297 3607 nl
1317 3559 1382 3627 μέν
1401 3565 1426 3613 st

222 3618 359 3686 porroet,
383 3611 447 3670 done
466 3617 535 3672 sord
558 3617 622 3679 τοὺς
642 3615 747 3686 νόμους
765 3622 925 3687 μίμνοντα,
950 3623 980 3672 αλ
999 3615 1031 3675 tt
1055 3621 1188 3690 ιῖφανιΐς,
1214 3619 1280 3676 ioan
1303 3627 1395 3695 παρὰ
1420 3623 1448 3682 ri

220 3688 408 3754 νιναμλσμενα
428 3688 631 3743 συνειλοῦνται.
649 3689 718 3738 ’Καὶ
737 3681 863 3753 βούλεται
880 3683 1041 3753 διαβάλλειν
1060 3691 1109 3751 τὴν
1128 3693 1306 3760 καλουμένην
1325 3692 1434 3763 ιλγιὶιιη

217 3755 389 3821 poteremur
408 3752 479 3824 πρὸς
496 3750 637 3820 ἀλλήλους,
657 3752 715 3806 niati
736 3757 785 3808 rori
806 3757 902 3809 κοινοῦ
920 3753 1052 3810 κινδύνου
1072 3755 1265 3829 διασπωμένην
1282 3763 1336 3813 ναὶ
1360 3765 1421 3817 δυν

221 3818 398 3896 μένην-ὑπὲρ
416 3818 505 3890 ὅρκια.
537 3823 604 3876 llam
624 3817 762 3877 onesimo
778 3826 841 3878 illne
859 3823 979 3893 ἀφανεῖς
1001 3827 1258 3888 christianonorum
1278 3831 1372 3898 ipsius
1393 3835 1417 3886 0
1448 3850 1449 3854 ¹

223 3891 295 3949 gerris
322 3893 536 3959 interpretatione
559 3900 621 3944 suut
647 3907 765 3960 ogapoe,
791 3909 857 3961 qnae
883 3911 929 3962 pro
954 3897 1112 3948 rotantur·
1135 3913 1269 3967 anquam
1296 3903 1415 3966 publice

137 3971 143 3983 ¹
224 3954 377 4010 Christianis
397 3961 546 4012 celebratae
566 3969 642 4026 sunta
662 3963 710 4012 uisl
730 3962 817 4013 forceo
838 3963 936 4014 rectius
954 3961 1090 4028 artmano
1104 3965 1172 4017 Cetei
1192 3965 1273 4018 verbe
1290 3969 1327 4020 ds
1349 3973 1406 4023 insi

222 4020 278 4082 illtt,
300 4037 350 4086 quo
366 4029 436 4082 inter
453 4043 481 4079 se
499 4037 587 4080 metuo
603 4031 826 4094 oonjuosebrotur
839 4031 989 4096 Christiani,
1008 4031 1148 4085 dileotlonc
1163 4035 1313 4098 intelligere
1332 4039 1426 4092 dixer*

223 4094 424 4168 eumnemiuem
443 4095 534 4161 sapiat,
553 4113 627 4162 quara
643 4097 725 4148 diram
739 4100 910 4166 suspicionem
925 4107 1013 4151 tantu
1029 4102 1093 4152 ltaco
1106 4101 1318 4156 ctrtsmaoran
1335 4109 1414 4160 diloe

224 4155 363 4218 gentilibus
382 4161 510 4225 injecerit.
549 4163 615 4216 Vide
634 4164 789 4217 Tertullioa.
811 4168 971 4234 apologetto.
993 4185 1033 4234 cp.
1051 4169 1096 4221 3⁹.
1155 4177 1164 4184 '

291 4217 348 4286 lm)
377 4227 429 4277 lloo
454 4231 536 4294 ipsum
565 4234 607 4282 vol
631 4233 728 4284 seriore
752 4242 883 4302 tempore,
912 4236 974 4286 lieet
996 4237 1118 4289 sollertes
1143 4237 1282 4290 rtmteree
1308 4247 1427 4296 cautela

222 4297 330 4372 experto
355 4301 394 4342 est
419 4297 546 4372 ecclesia,
572 4301 610 4349 uti
635 4301 709 4352 lidum
736 4302 800 4352 lacit
825 4317 907 4353 coooo
927 4303 1074 4355 llliborinuo
1092 4303 1141 4357 782
1170 4304 1313 4370 „llelnter
1337 4314 1368 4362 si
1394 4331 1428 4381 qu

222 4365 342 4410 exemerat
358 4359 450 4422 fidelos,
470 4370 497 4412 et
514 4379 560 4429 per
578 4368 733 4420 dotationem
752 4371 808 4435 ejas
823 4367 919 4436 attona
937 4371 1016 4423 luerit
1032 4374 1192 4440 prescriptos
1208 4371 1252 4425 vel
1269 4375 1412 4433 lateribus

221 4424 329 4504 placuit,
351 4443 408 4509 epm
431 4442 477 4476 noo
496 4430 522 4479 in
541 4431 729 4513 liuenuccipero
748 4439 959 4520 cummunionem.
998 4442 1030 4492 Si
1050 4441 1247 4494 corroborasse
1265 4445 1372 4516 smil,
1397 4467 1412 4520 p

223 4504 389 4557 quruquoamr
407 4501 523 4562 tompore
543 4496 694 4552 admittatur
711 4503 743 4554 ad
763 4505 948 4574 beptrsntute.“
