2968 4896
316 315 323 324 ,
370 247 582 312 de'dxorcisriri
597 245 713 333 origine
729 260 759 316 et
773 251 943 317 mulatinnc.
1200 253 1264 320 166

132 422 180 486 dtr
196 421 326 504 denique
343 423 577 505 exorcisterium,
594 430 670 509 qnod
688 428 718 490 in
732 426 801 490 libr.
814 439 907 494 contr.
917 429 1109 493 cresconium
1122 429 1264 509 addend),

38 510 95 574 uni
112 511 286 574 inservierit
301 511 348 574 rel
365 513 449 576 alteri
465 515 621 578 exorcismi
640 517 716 592 ritui,
734 517 813 579 clare
829 539 887 580 non
903 528 1035 600 apparet.
1057 518 1129 580 Mihi
1148 519 1265 600 quidem

41 598 267 684 receptaculum
285 599 478 682 corporaliter
493 603 685 666 obsessorum
701 605 798 668 fnisse
812 607 992 687 vidntur**).

132 688 256 752 Sensim
279 699 376 752 autem
400 691 430 752 id
453 710 550 769 genus
572 687 729 755 'exorcismi
755 694 908 756 evanescit
928 693 1111 776 retinentque
1135 703 1265 776 tempore

43 795 127 838 nunc
143 779 346 858 percurrendo
368 778 448 840 alind
473 785 600 857 tantum,
625 783 807 861 praecedens
823 803 865 845 sc.
884 782 1070 864 baptismum.
1100 815 1143 828 -·
1178 781 1206 865 §.
1232 783 1263 848 6.

43 865 183 946 Namque
202 865 341 926 omnibus
363 865 393 928 in
411 867 541 946 paruulis
559 875 626 930 unte
643 869 817 950 baptismum
836 870 962 932 ecclesia
979 877 1008 932 el
1024 869 1138 932 Graeca
1154 871 1264 933 etilo·

44 973 134 1014 mana
152 952 299 1016 dictinium
317 953 448 1016 insidere
466 957 632 1019 credebant.
670 957 799 1034 Accedit,
823 960 899 1040 quod
918 957 1087 1038 superstitio
1106 957 1264 1020 imbecilli·

19 1085 22 1088 -
45 1053 135 1102 tatem
154 1040 298 1102 laicorum
316 1061 453 1123 pecqueur
471 1055 627 1125 occuparet
644 1043 723 1126 iique
737 1046 902 1126 opinionem
917 1045 1024 1126 prioris
1038 1045 1143 1108 aetatis
1156 1065 1265 1110 vesunu

47 1129 131 1209 qnasi
152 1129 263 1209 impetu
278 1129 450 1211 arriperent.
480 1131 605 1194 Clericis
623 1141 729 1208 cutem,
748 1134 867 1214 quossi
886 1133 1039 1214 respicias,
1058 1135 1094 1194 ad
1112 1133 1264 1214 ingenia·

45 1217 169 1294 retusis,
195 1219 232 1278 ud
250 1237 346 1279 mores
364 1238 433 1280 cero
452 1219 583 1299 perditis,
608 1221 849 1302 exoptatissimus
867 1242 933 1284 esse
950 1222 1025 1283 ritns
1043 1221 1176 1298 debebat,
1196 1243 1268 1303 qno,

46 1304 125 1366 sicut
141 1304 353 1382 integumento,
371 1326 455 1368 snam
471 1307 659 1370 involvebant
674 1309 833 1388 inscitiam,
849 1309 1016 1370 nutriebant
1032 1310 1200 1389 superbiam
1217 1307 1265 1370 al·
1329 1325 1333 1330 ·

46 1395 106 1453 tine
124 1412 195 1454 sese
212 1392 361 1474 altiusque
377 1393 574 1458 extollentem.
612 1396 805 1458 Exercismns
829 1418 900 1476 ergo
917 1397 947 1456 iu
964 1397 1110 1477 baptismo
1127 1397 1264 1458 omnibns

48 1493 111 1542 crat
125 1481 158 1542 in
177 1491 329 1561 promptn3
354 1482 515 1544 doctrinam
532 1503 600 1546 cero
617 1483 674 1545 hcc
691 1486 726 1544 de
743 1484 801 1546 ritn
817 1484 912 1564 magis
927 1483 1092 1546 invenimus
1110 1485 1265 1548 euolutam.

50 1569 145 1649 magis
163 1565 343 1648 divulgatam
360 1569 514 1651 magisque
532 1574 568 1632 alt
586 1570 701 1651 origine
718 1592 772 1633 sun
789 1571 925 1634 alienam.

136 1655 281 1732 Quam-is
304 1656 379 1720 enim
397 1658 529 1720 lsidorus
550 1657 828 1740 Hispalensis**·),
854 1657 1114 1740 Theodnlplns†)
1138 1677 1174 1720 an
1196 1658 1265 1720 les·

53 1744 209 1823 saeus††)
236 1744 316 1807 solas
333 1747 449 1826 quidem
466 1747 666 1827 adjurationes
683 1747 713 1808 in
731 1747 914 1828 baptisandis
938 1758 1164 1809 commemorent
1179 1744 1266 1808 adiri-

49 1835 184 1894 loendasc
216 1832 335 1898 Ritnale
359 1845 454 1896 tamen
470 1835 654 1912 Romanurn,
678 1845 709 1896 ut
725 1854 781 1895 neo
801 1835 832 1898 in
850 1853 902 1896 eus
919 1845 1048 1912 tantum,
1073 1837 1126 1896 sed
1144 1833 1266 1896 materia
1293 1879 1297 1886 .

50 1920 152 2008 ctiam,
172 1939 230 2000 qua
248 1921 396 2002 baptizare
414 1921 558 2002 solebant,
583 1932 614 1984 ut
629 1923 658 1984 iu
676 1943 792 2004 aquam,
817 1922 912 1984 oleum
931 1933 958 1985 et
976 1922 1067 1986 salem
1084 1922 1266 1985 exorcismos

13 2063 14 2066 ,
50 2007 233 2081 adhiberent,
250 2009 499 2088 eonstituit†††).

13 2103 14 2160 ἒ
138 2094 206 2156 Non
224 2097 399 2176 praescribit
415 2097 558 2179 ejusmodi
576 2097 691 2179 quidem
708 2099 904 2161 exorcismum
922 2097 1048 2160 ecclesia
1065 2097 1196 2177 Graeca,
1220 2105 1267 2160 at-
1356 2106 1361 2112 '

50 2193 145 2246 tannen
159 2204 261 2264 preces
276 2185 360 2248 mittit
376 2188 413 2248 ad
431 2197 559 2263 sanctos,
577 2207 614 2246 ne
625 2184 771 2249 Diabolus
787 2186 817 2247 in
835 2205 940 2269 aquam
957 2189 1116 2250 descendat
1132 2187 1267 2269 lrnncqne

51 2271 308 2334 exsufflationibus
325 2293 360 2335 ea
378 2273 524 2355 depellere
542 2277 648 2336 studet.

139 2356 247 2422 Clesus
265 2371 370 2435 antem,
389 2374 420 2424 nt
437 2361 521 2424 ritum
539 2381 655 2442 semper
670 2361 816 2443 integrum
835 2361 893 2424 sibi
910 2371 1054 2438 servaret,
1077 2361 1106 2422 in
1124 2358 1268 2422 lorrnnles

53 2467 116 2508 eum
133 2449 267 2527 redegit,
294 2449 336 2510 nti
353 2449 440 2514 hodie
459 2451 489 2510 in
509 2449 683 2528 Graeca†*)
706 2470 762 2512 neo
785 2471 842 2511 non
867 2449 929 2512 fere
953 2451 1071 2511 easdem
1088 2447 1119 2509 in
1140 2445 1269 2512 ecclesia

53 2533 190 2596 andimus
209 2537 353 2600 Romanu.
394 2537 487 2600 Nocte
509 2538 565 2598 lac
590 2538 777 2617 ignorantiae
801 2559 836 2600 nc
860 2537 1078 2618 superstitionis
1103 2535 1269 2617 caliginose

54 2621 213 2688 Germania
237 2646 372 2706 qnoque,
396 2625 491 2706 patria
517 2635 618 2686 nostra
637 2625 734 2689 offusa
758 2625 937 2706 collegitque
953 2625 1117 2688 ilicitanus
1133 2625 1269 2704 Maurus,

53 2713 227 2792 archiepisc.
244 2711 451 2791 Mogentiana,
469 2733 568 2774 omnes
589 2713 723 2793 baptismi
741 2713 924 2776 ceremonias
940 2712 970 2774 in
988 2735 1087 2790 ιιιιιιιιι,
1113 2716 1188 2794 qnod
1207 2713 1270 2774 cle·

51 2798 122 2860 ricis
139 2803 357 2862 obseruandum
385 2813 447 2863 erat
463 2799 666 2881 Ritnale†“).
705 2799 782 2862 Huic
807 2812 903 2862 autem
922 2821 1087 2879 congruae,
1114 2801 1222 2880 unique
1238 2799 1270 2862 in

53 2887 180 2950 ccclesia
196 2887 332 2951 Romana
349 2889 504 2951 etiamnunc
525 2898 670 2969 receptae,
689 2887 869 2969 courpositae
886 2897 955 2949 nunt
971 2889 1123 2966 Agendae,
1147 2907 1270 2966 quarum

53 2995 87 3036 ex
104 2995 184 3052 una,
212 2997 288 3056 quae
307 2977 392 3040 nobis
415 2979 451 3039 ad
469 2995 586 3038 manum
605 2974 760 3054 ειη-Μ),
782 2975 915 3037 instituto
939 2981 1039 3036 nostro
1064 2973 1272 3054 respondentia

52 3062 159 3124 afferre
178 3060 336 3126 soluimus.
374 3065 532 3146 Postquam
558 3064 702 3143 parochus
727 3063 768 3125 ita
790 3060 1002 3140 interrogavit:
1034 3061 1130 3140 „an
1154 3061 1271 3124 nomine

53 3159 97 3212 est
111 3151 215 3214 iulans
232 3154 431 3216 'vocandusl“
450 3155 523 3214 haec
541 3153 636 3214 dicat:
669 3149 749 3228 „Exi
767 3153 803 3213 ab
822 3172 857 3213 eo
874 3149 1022 3212 immunde
1038 3149 1171 3229 spiritns,
1189 3151 1272 3212 etde
1355 3159 1357 3171 '

52 3239 149 3300 locum
167 3239 336 3302 advenienti
352 3240 466 3322 spiritui
484 3251 597 3316 sancto,
616 3241 651 3301 da
668 3237 806 3302 honorem
823 3239 887 3301 [leo
903 3242 950 3300 nio
968 3244 997 3299 et
1011 3232 1179 3317 cero“¹†).
1210 3236 1272 3300 Va·

52 3327 106 3388 riis
133 3328 309 3391 ceremoniis
333 3336 421 3410 atque
444 3349 497 3411 pro
524 3327 697 3409 baptizando
723 3327 905 3389 orationibus
929 3324 1159 3408 peractis**†),
1176 3324 1272 3388 salsi

53 3414 240 3478 benedictum
260 3437 317 3478 non
336 3415 430 3497 adsit,
456 3417 511 3479 lroc
529 3418 613 3478 modo
632 3416 840 3478 benedicatur:
874 3413 1050 3494 „Exercico
1069 3424 1113 3494 tc,
1138 3423 1273 3476 creatura

55 3564 88 3573 μ·-

168 3641 196 3704 1,
215 3637 258 3692 51.
279 3656 304 3707 p.
324 3639 383 3692 318.
407 3666 409 3671 ·

97 3718 140 3771 ·,,
192 3709 358 3773 Bingium
376 3710 403 3771 2,
423 3707 448 3770 6,
468 3709 494 3761 1.
516 3723 542 3776 p.
562 3707 607 3764 28.

104 3773 184 3841 'emt
206 3777 245 3829 Il'o
263 3777 332 3830 odic.
353 3779 500 3830 ecclesiast.
519 3779 546 3841 2,
565 3777 609 3834 26.
630 3793 655 3845 p.
675 3775 726 3829 662
743 3791 784 3843 sq.

122 3851 157 3915 †)
179 3845 254 3898 Τοιιι.
273 3849 299 3902 2.
319 3861 378 3914 opp.
400 3847 446 3898 tio.
466 3847 501 3906 de
517 3847 601 3901 ondin.
620 3846 740 3914 bsptism.
763 3862 788 3912 p.
808 3844 868 3900 662.

123 3917 180 3984 ††)
203 3912 286 3982 Epist.
306 3917 339 3985 de¹
356 3916 439 3967 ordin.
460 3916 580 3986 baptismi
601 3931 642 3982 op.
665 3915 780 3966 Buluz.
802 3915 827 3966 in
849 3918 914 3964 nott.
937 3911 968 3962 ad
988 3907 1142 3976 Rheginunt.
1164 3909 1253 3978 1,66.

124 3985 202 4053 †††)
223 3983 327 4038 liitnulc
345 3981 486 4038 domenum
505 3983 744 4054 (conmittes.)
762 4000 787 4050 p.
803 3981 864 4039 239.
886 3977 1154 4038 llitnuchcodlccns.
1174 3977 1273 4050 pnes.

109 4092 217 4187 ’1211-
239 4122 344 4176 Gonni
366 4121 508 4187 Eucholog.
527 4138 615 4187 graec.
637 4121 721 4174 Paris.
742 4119 819 4174 1617.
1136 4177 1139 4182 Ι

124 4191 187 4259 †**)
207 4191 239 4245 ll.
259 4191 366 4245 lleuri
390 4191 421 4244 de
446 4192 566 4246 clericor.
592 4191 705 4242 institut.
731 4197 759 4240 ot
781 4203 911 4241 ceremon.
936 4187 1030 4281 eccles.
1060 4185 1106 4276 lib.
1127 4185 1152 4238 3.
1182 4183 1273 4237 Colon.
1348 4215 1350 4224 ι

21 4327 24 4334 ’
60 4257 205 4400 1532636)
225 4329 333 4394 desudo
351 4331 478 4383 ecclesius
492 4328 607 4394 mogunt.
628 4335 697 4380 unct.
720 4325 921 4392 Woll'gnngi
938 4283 1099 4392 drutiepisc.
1115 4283 1273 4390 llog.1599.

127 4399 395 4538 antefecit:
936 4411 967 4454 ·’

55 4053 105 4110 233
