2942 4892
294 235 332 296 de
346 231 455 298 veteris
471 233 545 316 eccl,
564 233 644 300 circa
660 231 845 319 poenitantes
860 234 971 318 rigore.
1169 225 1239 304 :m

1 405 56 489 'qui
80 406 212 490 publice
230 408 435 491 poenitentiam
452 411 545 474 acturi
563 421 656 474 erant.
684 412 818 489 loannes,
835 409 1017 492 evangelista
1035 417 1064 472 et
1078 411 1240 498 apostolus,

7 494 56 576 qui
77 496 181 559 Asiae
201 495 343 561 ecclesias
360 497 503 576 fundavit,
523 499 572 581 qui
589 499 656 562 lidei
674 499 834 562 doctrinam
852 519 917 560 cum
935 495 1092 580 disciplina
1109 518 1240 562 morum-

7 603 64 666 que
99 586 273 666 praeceptis
296 587 335 648 iis
358 587 490 665 tradidit,
511 587 648 670 juvenem
669 587 826 650 enormiter
842 586 1040 667 flagitiosum,
1064 605 1149 668 quem
1174 597 1242 669 post

8 671 203 752 baptismum
226 673 257 734 in
282 693 367 736 omne
401 673 533 739 libidinis
559 683 603 736 αι’
620 675 849 738 incontinentiae
873 693 969 756 genas
993 675 1181 756 praecipitem
1207 697 1241 738 se

8 761 145 823 dedisse
180 783 217 824 ex
244 759 396 826 Clemente
424 761 510 826 Alex.
535 763 626 825 relect
650 763 800 826 Eusebius
828 761 895 824 lrist.
920 762 997 826 ecel:
1023 760 1054 839 3,
1078 765 1149 840 23.,
1172 770 1240 844 pest

5 847 137 930 jejunia
172 857 200 911 et
232 849 439 931 poeniteutiam
471 852 587 913 brevem
627 843 823 913 communioni
863 849 999 914 restituit.
1056 851 1240 930 incestuoso,

7 957 105 1018 quem
123 935 158 997 iu
173 937 300 1000 eeclesia
315 937 447 1000 Corinthi
464 941 501 1000 ob
518 938 690 1001 detestabile
707 938 807 1002 scelus
819 937 948 1000 Satanae
963 937 993 998 iu
1008 935 1154 1000 interitum
1171 959 1239 1002 car·

7 1025 55 1086 nis
77 1023 203 1104 Paulus
225 1026 393 1102 tradiderat,
418 1027 494 1088 idem
518 1033 585 1108 post
601 1025 808 1108 poeniteutiam
826 1027 955 1087 noudum
972 1042 1110 1104 annuam,
1136 1045 1172 1089 aa
1189 1027 1238 1089 ui·

8 1113 68 1174 mio
91 1109 203 1173 dolore
220 1113 421 1189 conficeretur,
442 1113 565 1194 gratiam
583 1113 657 1192 lieri,
674 1113 769 1176 voluit
785 1122 813 1176 et
835 1109 970 1195 κυρῶσαι
987 1111 1031 1184 εις
1047 1101 1144 1174 cienda
1162 1103 1239 1196 ripoi-

8 1221 91 1281 πην,
111 1200 248 1262 hortatus
266 1210 310 1264 est
327 1199 497 1265 Corinthios
515 1201 550 1276 ΙΙ,
567 1203 598 1266 2.
636 1202 774 1265 Sanctam
791 1211 819 1264 et
835 1201 1034 1264 intemeratam
1051 1201 1125 1263 banc
1144 1202 1240 1284 legen

9 1285 225 1368 apostolorum
246 1289 351 1352 Patres
369 1299 540 1366 servarunt,
567 1289 615 1370 qni
632 1311 734 1353 eornm
754 1293 841 1352 aetati
862 1305 1007 1369 suppares
1023 1289 1158 1368 luerunt,
1183 1292 1240 1352 boc

9 1375 141 1438 nomine
166 1375 236 1438 dicti
270 1379 425 1457 apostolici.
471 1377 611 1454 Hermas,
643 1378 693 1458 qui
719 1388 847 1458 ternpore
874 1375 1074 1458 apostolorum
1098 1387 1238 1456 pastorem

8 1463 151 1546 scripsit,
175 1463 319 1526 neminem
331 1473 536 1545 peccatorem,
561 1485 647 1546 quem
666 1465 737 1527 lacti
756 1463 926 1545 poeniteret,
951 1463 1155 1527 communione
1174 1465 1236 1546 pri-

9 1551 307 1630 raudum-censuitq
329 1551 537 1633 poenitentiam
555 1551 606 1614 ille
632 1551 784 1634 proposuit
801 1551 952 1630 omuibus,
978 1549 1127 1613 moechiae
1151 1551 1237 1615 etiam

10 1638 208 1704 atrocissimo
232 1639 353 1702 crimine
376 1638 598 1717 laborantibusq
624 1650 654 1702 at
676 1643 713 1701 de
729 1637 881 1702 laboriosa
898 1635 952 1700 illa
974 1637 1127 1702 multorum
1146 1659 1236 1722 saepe

10 1747 167 1792 annorum
183 1727 363 1809 poenitentia
379 1727 452 1789 nibil
474 1728 506 1790 iu
522 1749 556 1791 eo
576 1727 720 1792 invenias.
765 1727 830 1790 Nou
854 1725 988 1808 equidem
1003 1728 1125 1807 ignoro,
1143 1747 1235 1810 ‚qnam

11 1817 122 1881 variae
140 1815 200 1878 sint
215 1816 374 1896 deHermo
390 1814 569 1879 eruditorum
586 1815 763 1891 sententiam
778 1835 879 1878 rerunt
897 1814 926 1876 io
944 1833 1136 1897 quascunque
1149 1817 1235 1880 etiam

11 1904 235 1969 sententiarum
253 1903 436 1967 diversitates
453 1902 498 1965 illi
514 1904 675 1981 tradantur,
696 1913 805 1966 certnnr
823 1903 923 1984 ntique
939 1914 993 1978 est,
1020 1902 1113 1985 clypei
1133 1902 1237 1984 instar,

11 2016 73 2078 qno
94 1992 230 2055 Montani
249 1993 398 2055 erroribus
416 2001 640 2074 opponerentur,
659 1991 727 2054 olim
743 2001 882 2073 pretorem
899 1991 1039 2055 babuisse
1057 1990 1236 2068 Gatbelicos,

12 2105 84 2145 enm
118 2079 151 2142 in
176 2079 352 2162 quibusdam
377 2081 465 2142 Asiae
491 2077 628 2145 ecclesiis
652 2079 769 2162 publice
799 2078 907 2156 lectum
934 2089 1051 2161 etpost
1076 2080 1236 2144 canonicos

12 2171 45 2234 S.
67 2170 106 2231 S.
130 2166 224 2231 libros
242 2168 335 2250 prima
353 2167 508 2232 autoritate
527 2171 664 2231 donatum
683 2167 788 2232 luisse.
812 2201 857 2214 -
881 2166 909 2250 §.
926 2167 956 2230 ².
981 2168 1066 2245 Sunt,
1088 2167 1136 2250 qni
1159 2169 1236 2232 inter

11 2260 115 2339 primia
142 2256 322 2338 antiquitatis
346 2255 566 2320 ecclesiasticae
594 2265 781 2320 monumenta
806 2275 900 2337 eaque
923 2255 1105 2335 apostolicae
1129 2257 1235 2318 aetatis

13 2365 153 2409 canones
168 2343 308 2420 r'efernnt,
326 2344 376 2426 qni
394 2346 431 2406 ab
447 2343 590 2426 apostolis
607 2343 715 2408 conditi
733 2354 762 2404 ot
778 2341 962 2419 anclemente
973 2342 1059 2405 Rom.
1077 2341 1106 2402 iu
1122 2343 1234 2406 fascem

13 2433 136 2498 collecti
167 2431 340 2514 vulgatique
369 2432 540 2516 plerumque
570 2433 768 2514 perhibentur.
820 2429 972 2511 Quotquot
1002 2426 1120 2492 illorum
1154 2443 1233 2508 suat,

14 2541 123 2586 eorum
160 2523 224 2586 lere
256 2539 357 2584 omnes
384 2539 457 2582 suas
492 2521 622 2600 graviter
650 2515 907 2602 delinquentibus,
937 2515 1054 2579 clericis
1080 2529 1108 2580 et
1135 2516 1234 2596 laicis,

12 2629 132 2693 poenas
147 2607 297 2689 infligunt,
320 2607 381 2670 illis
398 2606 593 2688 andainense,
618 2607 666 2669 bis
681 2594 864 2688 ἇφορισμόν,
884 2615 1041 2687 utrumque
1059 2603 1184 2685 clericis,
1208 2606 1233 2670 si

13 2697 195 2760 criminibus
212 2699 286 2760 adeo
304 2695 445 2778 gravibus
462 2694 593 2757 obstricti
612 2703 789 2770 tenerentur,
806 2703 838 2754 ut
853 2692 1013 2774 expiationi
1031 2712 1130 2756 eornm
1148 2694 1234 2756 sulti·

13 2807 87 2849 cere
110 2785 191 2848 haud
208 2785 355 2849 rideretur
374 2779 651 2866 solemniorem.
696 2781 803 2845 Verum
822 2800 887 2842 cum
905 2799 1034 2842 canones
1050 2780 1093 2841 illi
1111 2781 1180 2841 nibil
1198 2784 1234 2842 de
1263 2841 1267 2855 ,

12 2871 216 2956 poenitentia,
241 2871 313 2934 nihil
332 2875 366 2935 de
383 2871 533 2952 lapsorum
558 2877 624 2952 post
640 2867 846 2952 poenitentiam
872 2867 1054 2929 restitutione
1071 2867 1142 2930 certi
1161 2866 1234 2931 deli-

13 2964 110 3042 uiant,
129 2971 245 3041 praeter
259 2961 312 3038 23,
330 2961 379 3042 qui
395 2957 472 3022 laico
490 2957 624 3038 peccanti
639 2954 755 3018 triennii
771 2953 978 3036 poenitentiam
996 2954 1127 3035 imponit,
1145 2977 1234 3037 proc·

13 3065 100 3113 terea
120 3049 206 3111 etiam
232 3057 362 3123 constet,
392 3044 521 3125 sequiori
548 3042 617 3106 illos
637 3063 708 3107 aero
733 3044 771 3104 ab
797 3041 955 3124 impostore
979 3040 1122 3124 apostolis
1140 3045 1234 3108 inisse

14 3137 200 3218 suppositos,
225 3157 276 3198 eos
300 3132 493 3215 relinquimus
513 3139 545 3192 ut
567 3141 723 3215 suspectae
741 3129 808 3194 fidei
827 3139 928 3208 testes,
953 3132 989 3193 de
1005 3151 1130 3212 qnorum
1147 3131 1233 3194 etiam

14 3235 133 3302 autore,
152 3233 247 3286 aetate
264 3231 292 3286 et
308 3241 429 3284 numero
446 3217 566 3282 mirifice
582 3221 658 3283 inter
673 3239 705 3284 sc
723 3217 777 3282 ciri
795 3217 870 3280 docti
889 3218 1073 3286 dissentiunt.
1090 3255 1134 3265 -α
1157 3220 1185 3305 §.
1203 3219 1234 3284 3.

15 3315 105 3392 Quae
121 3333 191 3376 vero
208 3311 297 3392 paulo
312 3308 476 3391 antiquiora
489 3313 679 3389 apostoloram
694 3309 852 3371 Onnonibrts
868 3306 953 3369 nobis
965 3317 1123 3389 supersunt
1136 3306 1235 3371 ecclo-

13 3400 80 3463 sias
107 3419 235 3482 graecae
263 3405 465 3474 monumenta,
490 3396 580 3458 multo
603 3397 704 3479 utique
729 3395 893 3474 breuiores,
919 3413 994 3477 quae
1017 3395 1233 3477 poenitentibus

12 3489 262 3570 imponebantur,
287 3486 339 3550 illa
356 3483 506 3548 nascentis
526 3483 670 3548 ecclesiae
687 3494 781 3547 aetate
802 3485 949 3564 usquead
966 3484 1122 3546 haerensin
1141 3484 1232 3546 Cata-

13 3578 164 3659 phrygum
182 3595 269 3657 quam
289 3583 390 3656 postca
409 3593 518 3654 poenas
535 3571 641 3651 fuisse,
661 3593 699 3636 ex
714 3572 752 3633 iis
770 3584 901 3654 apparet.
946 3570 1111 3652 Disciplina
1127 3571 1232 3648 omnis,

15 3686 76 3746 qua
93 3673 154 3726 tum
171 3663 319 3744 inlapsos
336 3673 364 3724 et
379 3660 562 3743 poenitentes
580 3681 652 3722 usae
669 3661 789 3723 luerunt
806 3658 936 3722 Orientis
954 3658 1107 3736 ecelesiae,
1125 3659 1231 3721 rituum

14 3761 43 3814 et
60 3751 295 3814 ceremoniarum
313 3747 491 3830 simplicitati
510 3757 578 3830 apta
595 3759 623 3811 et
641 3748 817 3810 conveniens
833 3747 898 3809 luit.
943 3745 1022 3808 Ntttt
1039 3748 1075 3808 do
1093 3765 1181 3808 sacco
1205 3755 1234 3810 et

14 3839 136 3922 cilicio,
159 3839 238 3900 nihil
259 3842 293 3901 dc
311 3839 399 3916 fletu,
425 3836 593 3914 auditione,
617 3836 814 3899 substratione
836 3845 863 3897 et
878 3833 1083 3911 consistentia,
1108 3844 1233 3916 quatuor

13 3926 180 3990 laboriosis
213 3925 410 4008 poeniteutiae
437 3923 573 4005 publicae
598 3923 789 4000 stationibus,
822 3941 948 4003 unquam
976 3931 1232 3986 commemoratum

13 4025 66 4077 ant
82 4014 180 4094 illius,
203 4025 253 4076 eut
271 4014 420 4096 aliquanto
439 4011 525 4075 etiam
543 4012 717 4093 posterioris
740 4010 804 4074 aeri
825 4009 1004 4072 doctoribus.
1049 4010 1143 4074 Omne
1160 4031 1234 4093 poe-

13 4103 160 4166 nitentiae
177 4112 302 4182 tempus,
327 4109 584 4184 quantamcunque
608 4098 693 4161 etiam
711 4097 883 4162 criminibus
908 4095 1069 4160 levioribus
1085 4099 1233 4180 graviori-

12 4191 133 4274 busque
150 4202 210 4253 tum
235 4189 402 4266 delinitum,
427 4187 548 4250 arbitrio
571 4185 706 4250 relictum
722 4186 779 4247 fuit
797 4184 948 4265 prudentis
967 4185 1111 4250 ecclesiae
1129 4205 1233 4250 sacer-

12 4279 103 4358 dotis,
124 4279 212 4362 cnjus
230 4285 300 4354 erat,
321 4297 449 4340 exstrue
469 4271 614 4339 ecelesiae
638 4273 850 4336 consuetudine
868 4293 991 4355 poenam
1015 4284 1066 4338 aut
1089 4272 1233 4339 moderari

10 4377 64 4430 aut
89 4387 205 4450 angere
223 4363 411 4450 singulisque
431 4383 495 4426 eam
512 4363 732 4426 accommodare
750 4360 895 4425 scelernm
911 4361 1065 4444 gradibus.
1089 4397 1130 4411 ·-
1157 4359 1185 4444 §.
1197 4359 1233 4422 4.

9 4455 89 4521 Late
105 4456 167 4542 jam
193 4475 247 4538 per
264 4455 364 4518 orbem
381 4451 573 4516 disseminata
595 4447 1002 4532 haeresi'lloutauistarnm,
1027 4449 1077 4531 qui
1102 4445 1243 4532 peccatis
