2968 4896
196 189 263 258 164
348 139 352 148 ¹
588 185 725 258 xxxm.
765 185 1016 271 suncanto

196 371 444 434 demonstrarunt.
474 361 606 428 Basilius
621 363 688 428 iden
704 365 764 428 ait:
783 362 835 446 qni
851 372 1055 444 regeneratus,
1072 361 1217 446 spirituali
1233 362 1414 424 nutrimento

196 455 321 537 indiget.
347 459 439 516 Istum
457 453 489 518 3.
506 474 567 517 sec.
584 453 615 514 iu
633 455 778 516 communi
795 463 824 516 et
839 450 958 534 publico
976 453 1165 516 ecclesiarum
1182 451 1364 527 censuisse,
1380 471 1417 512 ex
1474 521 1475 524 Ἴ

198 543 347 628 Cypriane
365 541 528 624 (delapsis
546 543 591 622 8.)
608 548 724 604 constat
736 552 767 609 et
783 543 821 604 ad
838 541 889 604 12.
910 559 970 603 seo.
987 539 1070 602 initia
1086 540 1116 602 iu
1133 538 1229 602 multis
1246 538 1372 600 orientis
1390 548 1417 600 et

198 630 360 696 occidentis
377 630 451 692 locis
468 639 627 694 serratum.
660 629 722 694 cfr.
737 629 880 692 Balissus
895 630 948 706 (de
965 627 1034 691 cult.
1051 625 1133 691 latia.
1152 625 1239 706 relig.
1255 623 1286 700 5,
1302 629 1352 700 Is).
1377 661 1415 674 -

199 719 227 804 8.
250 719 303 784 29.
336 717 546 782 Benedictiono
565 728 594 780 et
615 717 697 799 pacis
715 715 922 799 apprecatione
938 725 1016 778 totus
1034 725 1118 778 actus
1137 713 1319 796 baptismalis
1337 716 1417 794 apurl

197 817 313 873 setores
338 805 539 868 claudebatur.
577 805 637 883 Qui
661 805 737 866 ritus
756 801 943 868 Tertulliano
965 813 1071 880 notns3
1095 801 1165 864 dicit
1188 801 1283 864 cuim:
1309 801 1430 864 debinc·
1474 825 1475 832 ¹

198 893 503 975 manusimponitur,
529 913 583 973 per
605 891 838 955 benedictionem
862 893 1013 954 advocans
1030 902 1059 952 et
1078 889 1207 952 inritans
1222 889 1366 968 Spiritum
1385 889 1418 952 S.
1474 891 1475 920 ³

199 984 383 1068 postmodnm
401 1001 502 1043 ornnes
526 981 672 1060 baptizato
691 979 830 1061 gratulati
854 988 932 1044 snut.
969 980 1052 1042 Haec
1075 977 1238 1040 benedictio
1262 975 1362 1040 adbuc
1387 977 1420 1038 iu

199 1093 259 1136 usu
284 1076 376 1132 estet
399 1078 513 1150 spectat
536 1071 573 1130 ad
597 1068 760 1132 ministrnm
784 1067 995 1148 baptizantem,
1021 1065 1178 1130 formulam
1195 1065 1419 1136 *benedictionis

199 1157 407 1242 proferentem,
423 1159 459 1218 do
477 1176 535 1238 qna
550 1176 642 1238 supra
657 1160 747 1219 rerba
762 1155 899 1232 fecimus,
917 1174 1003 1236 quam
1020 1165 1048 1216 et
1063 1153 1153 1216 ceteri
1170 1155 1331 1232 adstantes,
1349 1152 1419 1216 loco

201 1245 413 1328 baptisatorum
430 1243 574 1308 infantum
593 1243 832 1323 collaboratores,
848 1263 907 1306 non
923 1241 1164 1306 inconvenienter
1179 1251 1313 1324 repetunt
1323 1251 1351 1304 et
1367 1241 1419 1301 in-

202 1333 372 1400 curvatione
389 1341 419 1394 et
433 1331 652 1412 geniculatione
670 1332 756 1395 ritum
772 1331 862 1394 istum
882 1339 1118 1394 commonstrant.
1137 1364 1179 1378 -
1204 1328 1232 1412 8.
1250 1329 1302 1392 86.
1326 1328 1419 1392 Circa

200 1423 277 1486 ritus
300 1422 356 1483 bos
378 1421 451 1484 nibil
477 1429 560 1482 extra
575 1420 760 1484 necessitatis
777 1439 878 1482 casum
894 1418 1102 1482 immutandum
1123 1426 1177 1482 est.
1214 1417 1292 1480 lde·
1314 1416 1419 1497 bapti·
1474 1497 1475 1502 ἵ

200 1531 282 1586 nans,
306 1507 413 1591 patrini
431 1517 459 1571 et
476 1510 626 1572 adstantes
642 1509 807 1590 approbare
823 1526 979 1570 necessum
996 1507 1121 1582 babent;
1134 1505 1194 1568 ‘ille
1212 1505 1338 1568 attendat
1353 1525 1418 1566 uon

201 1597 398 1671 aurolentam,
416 1599 467 1660 sed
485 1598 617 1661 devotam
635 1617 670 1660 ac
685 1596 784 1659 uerbis
803 1598 893 1677 probe
913 1595 1068 1676 perpensis
1084 1592 1302 1656 convenientem
1319 1592 1420 1654 actio-

202 1707 270 1750 nem
288 1687 506 1766 eorundemque
521 1684 730 1756 recitationem.
772 1684 825 1748 Isti
843 1683 1029 1746 considerent
1043 1681 1223 1744 honestatem
1241 1690 1270 1743 et
1285 1683 1422 1744 deuotam
1474 1711 1475 1720 ¹

200 1774 300 1838 itidem
317 1773 523 1853 gestationem.
564 1773 604 1836 Hi
620 1793 689 1836 reno
706 1772 866 1836 orationem
883 1779 911 1834 et
926 1781 1095 1834 cousuetam
1112 1769 1298 1832 attentionem
1315 1775 1423 1832 osten-

202 1865 283 1926 dant.
318 1862 405 1926 Haeo
421 1861 520 1924 omnia
536 1863 573 1923 ad
591 1870 688 1924 actum
710 1859 880 1942 baptizandi
896 1859 970 1922 ritus
987 1857 1177 1940 baptismales
1199 1857 1323 1921 idoneos
1346 1859 1423 1920 red-

203 1953 285 2015 dunt.
301 1983 346 1996 -
368 1949 396 2032 8.
413 1949 466 2010 31.
486 1947 741 2028 Antiquissimum,
758 1951 810 2010 sod
828 1967 998 2029 perversum
1015 1946 1221 2010 nonnullorum
1239 1945 1325 2008 ritum
1341 1945 1425 2007 dici-

202 2057 286 2114 mns,
309 2034 377 2098 loco
396 2034 598 2098 defunctorum
615 2034 690 2098 alios
712 2035 796 2098 airus
818 2035 974 2113 substitui,
999 2035 1047 2116 qui
1064 2053 1150 2097 sacro
1167 2034 1284 2096 lavacro
1301 2033 1424 2096 nomine

204 2144 305 2188 earum
320 2122 514 2202 tingerentur,
532 2143 569 2185 ue
587 2123 662 2186 forte
678 2124 804 2200 obesset,
821 2123 869 2204 pie
884 2123 1016 2206 alioquin
1032 2123 1186 2186 defunctos
1201 2123 1347 2203 baptismo
1365 2141 1422 2186 ca·

203 2211 310 2290 ruisse
348 2209 415 2276 vio.
439 2209 646 2274 Tertullianus
671 2213 738 2275 adr.
752 2210 900 2276 Marcion.
917 2209 948 2286 5,
978 2214 1036 2288 1ος
1062 2213 1098 2274 de
1121 2230 1232 2274 resurr.
1256 2230 1339 2274 carn.
1364 2209 1424 2274 48.

202 2301 338 2366 Eundem
355 2295 486 2381 Cyrillus
504 2299 595 2378 (bom.
612 2299 644 2361 in
662 2301 679 2362 l
697 2297 767 2363 Cor.
784 2300 850 2378 15.)
866 2299 1060 2361 Marcionitis.
1086 2297 1271 2380 Epiphanius
1288 2298 1424 2378 (haeres.

203 2387 235 2466 l,
253 2389 310 2464 28)
328 2385 526 2450 Corinthiacis
541 2387 715 2452 tribuerunt.
732 2421 777 2434 --
800 2385 828 2468 §.
844 2385 896 2451 82.
912 2387 958 2450 De
974 2387 1118 2468 baptismo
1135 2396 1312 2448 mortuorum
1330 2384 1424 2467 quale

201 2475 346 2560 judicium
361 2475 514 2538 ferendum
531 2475 578 2553 sit,
595 2475 690 2538 obiter
705 2475 919 2538 annotabimus.
941 2476 1105 2538 Damnatus
1123 2484 1167 2536 est
1184 2474 1256 2536 ritus
1274 2474 1355 2558 (rau.
1370 2476 1426 2538 18.

205 2563 316 2626 codicis
333 2562 520 2626 cauomeccl.
530 2562 628 2640 afric.)
644 2562 690 2626 bis
708 2561 825 2626 verbis:
841 2561 962 2644 placuit,
978 2572 1011 2624 ut
1027 2562 1200 2644 corporibus
1216 2561 1424 2625 detunctorum

205 2649 384 2714 eucharistie
398 2671 457 2712 non
474 2653 569 2714 detur.
607 2651 645 2714 Et
659 2671 697 2713 ne
711 2651 771 2733 jam
786 2651 921 2714 bomines
935 2661 1075 2714 'mortuos
1098 2649 1238 2732 baptizari
1263 2652 1424 2732 presbyte-

204 2757 304 2801 rorum
321 2737 441 2817 ignaria
456 2737 557 2803 saciat.
595 2738 654 2802 Hic
671 2759 753 2802 error
768 2739 1025 2802 Corinthiauornm
1044 2759 1070 2800 s.
1086 2737 1361 2816 Merintbiauornm,
1382 2741 1423 2800 ab

204 2823 370 2908 Epiphanio
387 2827 515 2904 (baares.
531 2827 599 2909 28.)
614 2827 782 2906 indicatus,
806 2827 1000 2910 adficiendus,
1017 2823 1115 2908 qualis
1131 2827 1162 2888 in
1179 2825 1261 2904 Asia,
1278 2825 1337 2888 iano
1355 2824 1424 2888 Ga-

204 2913 292 2991 latia,
316 2912 451 2994 viguisse
467 2913 583 2978 dicitnr.
621 2915 808 2988 Marcionitis
825 2917 948 2978 eundem
967 2915 1194 2997 Chrysostonms
1212 2913 1313 2980 tribuit
1329 2914 1425 2992 (bom.

205 3001 259 3066 40.
276 3002 307 3064 in
324 3004 354 3067 1.
379 3004 416 3066 ad
432 3003 501 3067 Cor.
521 3002 596 3086 la).
634 3003 696 3068 cfr.
713 3003 919 3068 Tertullianus
944 3013 1036 3065 contr.
1053 3003 1149 3066 Marc.
1164 3000 1196 3080 4,
1223 3005 1273 3065 11.
1310 2999 1423 3064 Ultimo

205 3093 297 3155 sorba
313 3098 442 3154 extrema
466 3111 535 3155 can.
548 3093 579 3154 6.
603 3111 686 3156 conc.
713 3090 975 3172 Cartbageniensis
993 3091 1024 3153 8.
1049 3111 1109 3154 sec.
1132 3092 1179 3152 ed.
1196 3088 1296 3152 Bionii
1317 3096 1426 3152 notatu

133 3207 139 3214 ·
205 3178 317 3258 digna:
334 3180 494 3240 carendum
511 3187 566 3255 est,
582 3199 620 3242 no
636 3188 766 3242 mortuos
783 3179 926 3258 baptizari
942 3197 1030 3260 posse
1045 3177 1168 3240 fratrum
1185 3175 1337 3242 iufirmitas
1354 3197 1425 3240 cre·

207 3268 266 3341 dat,
283 3265 348 3326 curn
366 3264 572 3326 eucharistiam
590 3267 711 3329 mortuis
726 3287 785 3328 uon
802 3266 864 3328 dari
882 3266 1126 3329 animadverterit.
1144 3275 1183 3313 -'-
1207 3263 1236 3347 §.
1252 3265 1305 3329 38.
1320 3263 1426 3328 Ritum

91 3389 97 3408 .
207 3369 366 3430 campanas
382 3350 516 3432 aliasque
533 3371 581 3414 res
598 3353 774 3416 inanimatas
791 3354 967 3434 baptizandi,
997 3353 1068 3416 licet
1082 3354 1137 3416 isto
1156 3372 1277 3434 prorsus
1294 3351 1425 3414 stolidus

207 3437 258 3516 sit,
273 3436 430 3518 in'papatn
446 3447 543 3501 tamen
558 3440 696 3506 usitatum
713 3461 790 3518 esse,
805 3439 866 3504 illia
882 3452 981 3504 nutum
1000 3444 1063 3516 erit,
1080 3441 1129 3523 qui
1145 3461 1164 3504 a
1179 3437 1325 3522 pontificio
1342 3450 1426 3504 statu

205 3546 242 3588 se
258 3533 391 3588 avertunt
408 3533 436 3589 et
453 3529 490 3590 ad
507 3525 754 3591 christianismum
778 3533 930 3594 accedunt.
969 3529 1076 3594 Verum
1101 3528 1267 3592 testimonio
1289 3527 1426 3610 antiqui-

207 3611 275 3677 tatis
291 3616 414 3678 enudern
431 3615 548 3696 probari
565 3636 662 3697 posse,
680 3617 710 3678 in
727 3626 816 3680 totum
832 3617 1007 3680 inficiamur.
1036 3617 1123 3680 Libet
1140 3620 1177 3680 ad
1194 3615 1424 3680 constitutiones
1474 3645 1475 3696 1

207 3701 309 3767 caroli
316 3703 360 3765 M.
373 3700 407 3787 (a
415 3703 532 3774 Busaec
546 3707 592 3768 ed.
609 3727 639 3786 p.
648 3704 738 3786 266.)
754 3727 925 3788 provocare,
940 3705 991 3767 nbi
1007 3705 1063 3766 boc
1081 3702 1241 3786 capitulum
1257 3703 1425 3767 inuenitur:
1474 3721 1475 3734 ¹

208 3799 240 3852 ut
257 3789 357 3854 clocas
374 3811 433 3854 uon
450 3791 606 3874 baptizent.
631 3813 693 3856 sec.
711 3793 762 3858 10.
785 3794 815 3855 in
832 3813 953 3856 romana
971 3791 1097 3856 ecclesia
1114 3813 1132 3854 a
1147 3791 1281 3856 debanna
1300 3789 1350 3856 14.
1374 3791 1424 3854 bic

206 3876 282 3940 uitus
298 3877 464 3957 institutus,
489 3883 565 3962 qnod
582 3883 617 3943 de
635 3881 700 3960 iure
716 3881 872 3963 approbari
886 3879 997 3962 nequit.
1031 3915 1072 3928 -
1103 3879 1131 3963 8.
1148 3878 1201 3943 84.
1233 3880 1276 3942 dd
1292 3879 1425 3942 circum-

208 3963 343 4027 stantiam
359 3966 467 4028 rituum
486 3967 700 4050 baptismalium
728 3973 843 4031 demum
859 3968 1049 4050 respicimus,
1072 3967 1168 4031 locum
1183 3966 1344 4044 uidelicet,
1372 3967 1424 4048 qni

210 4051 329 4130 cognitu
346 4055 546 4120 necessarius.
583 4056 715 4138 Apostoli
736 4057 829 4139 primo
854 4056 886 4118 in
909 4056 1004 4120 fluviis
1028 4065 1056 4118 et
1078 4057 1227 4134 fontibus,
1258 4057 1422 4118 secuudum

209 4137 428 4202 Tertullianum
449 4142 500 4220 (de
516 4143 652 4224 baptism.
670 4165 733 4226 cap.
751 4147 811 4226 9.),
835 4145 1029 4226 baptizarunt.
1068 4144 1125 4207 Cui
1149 4142 1282 4224 exemplo
1299 4152 1425 4224 aposto-

206 4223 267 4288 lico
291 4235 374 4290 retus
398 4228 525 4292 ecclesia
548 4231 664 4309 institit,
685 4233 770 4313 juxta
793 4232 957 4314 opinionem
973 4230 1086 4296 Walai.
1103 4231 1258 4294 Strabonis
1282 4232 1335 4311 (de
1357 4232 1422 4294 reb.

127 4317 133 4330 '
208 4313 317 4378 eccles.
339 4311 367 4398 8.
383 4313 451 4400 26.)
468 4337 529 4382 sec.
543 4317 575 4384 4.
611 4318 822 4384 Constantinus
838 4321 900 4398 M„
925 4321 981 4383 sub
999 4341 1057 4401 qun
1073 4327 1145 4406 post·
1157 4317 1334 4384 decennales
1351 4339 1423 4400 per-

1452 2753 1461 2761 ‘
1474 2755 1475 2776 l

1474 2789 1475 2796 .

1474 2801 1475 2812 l
