2944 4898
131 270 133 276 s
208 221 274 306 ιι·
383 189 387 197 “
639 235 748 308 xxtx.
792 241 819 305 ι.
837 195 1024 306 αιτιοι·

179 443 182 450 ,
217 410 374 494 explicant.
405 407 576 472 'seeundum
590 420 705 476 ueteres
721 414 839 494 glossas
856 410 1116 495 granno-tutans,
1139 417 1172 472 ut
1186 411 1212 473 J.
1230 407 1266 472 0.
1282 407 1355 470 Sui
1366 427 1438 470 ee-

215 495 322 580 rus*)
347 499 499 582 observat,
524 487 644 571 booron
660 507 706 564 est
724 510 895 580 penuariae,
918 506 1056 578 ιαιοῐοιιι,
1080 503 1260 576 tirannum,
1283 498 1436 578 prodique,

216 589 361 669 profusus,
384 584 675 658 mulierositatem
706 587 844 653 Clemens
859 588 995 672 ΛΜΝ)
1012 596 1109 670 putat,
1132 578 1252 656 domnoc
1267 583 1344 646 idem
1362 603 1438 645 esso

216 695 252 739 uo
269 667 422 752 inustor,
446 674 706 755 santuanensi,
730 697 769 739 ex
785 680 875 741 uerbo
892 666 988 748 σώζω.
1025 667 1356 775 Theophplaetus
1369 668 1436 748 ***)

215 774 318 826 vocam
332 759 411 822 hano
428 759 547 841 exponit
562 778 615 842 per
630 755 763 846 ἄμετρον
780 764 887 846 χρῆσιν
903 774 990 845 atque
1008 763 1104 825 audit:
1122 757 1159 823 οὗ
1175 777 1230 842 γαρ
1247 749 1344 836 σώζει,
1361 749 1435 816 ἀλλ’

212 835 388 910 ’ἀπόλλυσιν
405 841 442 906 οὔ
459 835 495 904 τὸ
512 844 599 922 σῶμα
614 837 724 927 μόνον,
756 842 828 910 ’tab
851 847 902 911 nui
926 845 986 929 τὴν
1001 838 1107 932 ψυχὴν
1123 845 1174 910 nui
1191 844 1286 909 τοῦτο
1304 844 1392 905 ἐστιν
1413 837 1456 922 οἷ’

216 933 348 1011 ἀσωτία,
373 932 518 1012 itemque:
542 925 564 1010 ij
588 931 722 996 ἀσωτίαν
744 935 889 998 ενταῦθα
914 925 991 996 κατὰ
1013 929 1157 1016 τὴντῶν
1183 925 1313 995 ἰδιωτῶν
1329 923 1439 1011 συνή-

216 1021 314 1085 θειαν
329 1007 388 1098 τὴν
403 1012 569 1079 ἀκολασίαν
591 1019 696 1100 φησίν.
720 1021 760 1083 iu'
774 1015 830 1102 γὰρ
853 1020 911 1102 τῆς
933 1017 1039 1102 μέθης
1063 1017 1083 1102 ἡ
1107 1015 1255 1082 ἀκολασία
1279 1018 1439 1080 τίκτεται.

215 1107 290 1169 Late
307 1105 423 1167 omnino
439 1111 518 1185 patet
533 1125 591 1168 vox
606 1107 679 1169 haee
697 1129 732 1169 ao
747 1109 868 1190 respicit
884 1129 1001 1189 qnoque
1022 1111 1058 1170 ad
1080 1127 1222 1171 venereas
1241 1104 1439 1186 cupiditates,
1457 1105 1459 1111 ’

56 1257 58 1264 ,
158 1232 176 1249 -.
217 1193 459 1278 quemadmodum
478 1194 513 1253 de
531 1194 654 1273 prodigo
672 1192 724 1254 illo
742 1198 818 1276 apud
836 1197 948 1256 Lucam
968 1191 1017 1272 15,
1038 1197 1086 1256 13.
1102 1195 1224 1272 dieitur,
1247 1195 1324 1273 qnod
1338 1195 1441 1254 diesi-

216 1286 325 1362 paverit
340 1281 492 1356 tuoultutee
508 1299 586 1352 ttius,
606 1276 663 1349 ζῶν
678 1272 812 1356 ἀσώτως,
828 1301 863 1344 ao
879 1282 983 1342 deinde
1000 1274 1205 1343 lraeouioorriu
1221 1279 1300 1341 laune
1315 1279 1346 1338 in
1363 1299 1441 1340 nro-

217 1371 286 1430 dum
303 1366 483 1448 explicatur:
504 1357 689 1447 καταφαγών
704 1355 759 1428 τὸν
775 1367 845 1449 βίον
866 1355 942 1445 μετὰ
957 1365 1081 1449 πορνῶν
1090 1367 1136 1445 †).
1173 1365 1226 1427 Uti
1239 1374 1335 1428 autern
1354 1385 1441 1447 apo-

212 1455 312 1518 stolus
328 1453 404 1530 uult,
428 1460 461 1513 ut
473 1451 600 1533 Ephesii
617 1473 650 1514 so
672 1453 838 1536 abstineant
854 1476 873 1518 a
889 1453 977 1515 nimio
1000 1453 1060 1516 nini
1079 1472 1150 1530 usu,
1174 1453 1216 1514 lta
1233 1451 1373 1531 requirit,
1401 1463 1443 1514 ut

217 1562 318 1606 eorum
334 1550 455 1623 pectora
469 1543 552 1620 pleno
566 1546 623 1602 sint
639 1545 764 1620 Spiritus
779 1547 811 1604 S.
837 1543 942 1622 hicque
966 1541 996 1600 in
1019 1541 1073 1618 ils,
1099 1551 1243 1620 tamquam
1267 1539 1298 1602 iu
1318 1539 1441 1618 templo

216 1629 328 1692 habitet
345 1648 380 1690 ac
396 1645 512 1708 semper
529 1634 556 1688 et
570 1627 602 1687 in
617 1626 768 1690 intellectu
794 1637 822 1690 et
843 1629 874 1689 in
891 1627 1039 1700 voluntate
1057 1627 1217 1690 sanctiores
1236 1637 1340 1706 operas
1357 1645 1442 1704 pro-

218 1719 316 1780 ducat.
353 1713 420 1776 Hou
439 1722 490 1792 ,ost
510 1733 611 1776 verum
636 1709 675 1776 uo'
697 1715 822 1777 solidum
845 1717 1065 1778 fundamentum
1089 1713 1182 1775 omnis
1205 1709 1302 1773 tultus
1327 1711 1440 1790 diuini,

218 1803 305 1866 etiam
320 1802 552 1884 pereantiones.
591 1801 718 1882 Opponit
734 1800 846 1863 Paulas
861 1800 903 1883 τῇ
918 1801 1007 1889 μέθῃ
1024 1799 1081 1862 τοῦ
1099 1796 1195 1878 οἴνου,
1212 1817 1299 1880 quam
1316 1799 1348 1860 ut
1364 1806 1439 1860 tnr-

205 1913 283 1972 rpem
301 1909 336 1950 aa
352 1889 485 1952 vitiosam
502 1888 611 1962 reiicit,
635 1879 694 1966 τὴν
709 1887 816 1968 μέθην
830 1889 888 1946 τοῦ
904 1878 1082 1963 πνεύματος
1098 1881 1199 1966 o‘uylov,
1221 1889 1354 1966 hancque
1371 1905 1438 1966 op-

217 1978 316 2037 timam
338 1993 374 2035 ao
390 1974 477 2034 lande
494 1974 623 2050 diguam.
663 1967 763 2046 Quare
786 1993 842 2032 uon
866 1972 931 2033 sino
956 1993 1048 2034 causa
1071 1973 1159 2033 dicit:
1182 1967 1371 2054 πληροῦσθε
1398 1971 1437 2032 ἒν

210 2053 382 2138 πνεύματι,
406 2078 441 2119 ao
459 2057 665 2138 plenitudinem
683 2053 828 2138 quaudaln
854 2057 971 2136 iudicat,
996 2070 1029 2120 ut
1046 2059 1189 2138 declaret,
1213 2077 1314 2122 omnes
1330 2058 1436 2120 farul-

217 2155 308 2224 tates,
335 2145 441 2224 quibus
460 2143 619 2206 Christiani
643 2154 711 2205 sunt
735 2144 877 2224 praediti,
905 2145 1008 2226 plenus
1033 2167 1100 2208 esso
1118 2148 1225 2208 dobere
1242 2145 1369 2228 Spiritus
1386 2145 1457 2222 S„-

138 2251 141 2262 ·
202 2231 282 2296 'eius
298 2235 440 2304 donorum
459 2242 546 2312 atque
571 2230 783 2312 operationum.
819 2235 852 2294 ld
869 2235 945 2314 quod
962 2232 1002 2295 ll.
1020 2233 1053 2294 d.
1069 2234 1123 2296 Ro
1134 2232 1254 2312 ell††)
1269 2233 1324 2294 lroe
1340 2235 1434 2294 modo

217 2319 372 2383 edisserit:
400 2325 502 2400 spiritu
524 2321 633 2399 impleri
659 2329 700 2380 nsi
722 2323 832 2399 impleri
852 2323 1057 2400 operationibus
1079 2328 1210 2401 spirituo,
1235 2327 1275 2382 ito
1298 2331 1329 2380 ut
1353 2330 1435 2381 totus

217 2403 298 2472 ltomo
313 2409 506 2489 spiritualibus
521 2407 600 2468 bonis
615 2409 734 2485 repletur
749 2414 794 2468 sit.
833 2413 879 2469 ltu
903 2429 980 2470 triens
1005 2419 1045 2469 eet
1067 2411 1150 2487 plenu
1174 2414 1291 2488 spiritu,
1316 2410 1435 2486 οσαιτᾱο

216 2507 259 2558 ert
275 2499 358 2575 plenu
373 2497 465 2575 quood
487 2496 651 2570 intelleoturu
674 2504 700 2554 et
722 2497 888 2556 uoluentutaut
913 2502 1018 2557 suartio
1041 2493 1248 2574 capitationibus
1270 2500 1435 2574 errantisque

217 2584 361 2643 daemoniis
377 2587 451 2642 droa
468 2577 571 2658 Dentur,
598 2583 752 2658 Uiriatum,
775 2589 933 2661 prostituunt
949 2594 974 2643 et
988 2589 1123 2662 seipsum,
1148 2591 1229 2662 utque
1243 2588 1284 2644 itu
1299 2589 1358 2642 toto
1374 2587 1434 2643 Dei

164 2665 167 2670 ’
215 2671 300 2748 plenu
316 2677 374 2742 σοις
396 2674 437 2728 ito
455 2670 564 2747 linquo,
586 2669 697 2747 «quondo
712 2689 748 2728 σοι
764 2671 854 2731 cordis
870 2672 1042 2730 abundantio
1059 2665 1181 2749 loquitur
1196 2671 1375 2749 spiritualia,
1403 2679 1434 2729 ut

215 2775 300 2834 porro
316 2757 423 2834 reliquo
439 2757 568 2833 musairo,
593 2757 703 2834 qrrnudo
719 2777 749 2816 se
764 2761 875 2836 spiritui
892 2759 1048 2835 sorbicium,
1065 2767 1097 2816 ut
1112 2761 1324 2836 sptutrrsqnnse
1338 2765 1433 2816 totana

215 2843 352 2903 bominem
368 2851 491 2922 oocrtput,
516 2852 547 2901 ut
562 2845 693 2921 temptaui
710 2863 806 2922 struunt,
831 2852 860 2906 iu
878 2865 946 2924 quo,
963 2859 998 2926 ,ιιι
1014 2850 1055 2904 itn
1074 2847 1192 2924 loquor,
1215 2850 1326 2921 oopitet,
1349 2845 1431 2920 uelit,

127 2983 130 2994 .
215 2931 322 3006 αισι-ίαν,
341 2932 480 3008 loquutur.
506 2929 589 2991 Haec
607 2937 651 2990 ost
667 2927 826 3008 plenitudo,
843 2931 928 3017 euque
945 2939 973 2993 ot
990 2929 1059 2992 alibi
1077 2931 1223 3010 scriptura
1239 2947 1325 2992 saera
1342 2941 1432 2990 mem-

107 3027 115 3044 '
214 3015 322 3078 tionem
338 3015 410 3077 irruit
425 3016 569 3096 istumque
585 3017 742 3096 improprio
759 3017 1008 3097 atr-metaphorice
1026 3015 1193 3079 ebrietatem
1210 3015 1348 3097 adpellut‚
1372 3015 1430 3080 Ps.

212 3100 268 3177 36,
287 3105 317 3164 9.
335 3103 420 3163 Cant.
438 3099 469 3176 5,
490 3093 716 3178 1.to‘r.31‚14‚
735 3105 769 3162 de
786 3103 947 3182 quantiam
965 3104 1047 3164 LXX
1063 3103 1235 3184 interpretes
1250 3102 1430 3166 vocabulum

213 3177 350 3264 μεθύειν
365 3193 538 3264 usurpaut‚'
552 3186 698 3266 propriam
714 3207 835 3268 eamque
851 3189 981 3270 corporis
999 3190 1165 3274 ebrietatem
1182 3189 1367 3271 significans,
1395 3203 1430 3253 ut

212 3269 349 3350 pluribus
367 3271 403 3333 C.
421 3269 643 3351 Adami†††)
660 3273 796 3336 ostendit.
834 3276 920 3338 'Palis
936 3268 1070 3355 animus,
1096 3277 1146 3358 qui
1164 3277 1269 3358 plenus
1287 3285 1332 3340 est
1350 3297 1427 3339 sau-

213 3355 335 3417 otissimi
350 3355 488 3436 spiritus,
514 3357 629 3418 omnino
647 3361 809 3421 adrentum
826 3382 861 3424 ao
886 3361 963 3443 pium
990 3384 1076 3427 usum
1094 3361 1304 3427 cantilenarum
1315 3383 1427 3428 ¹saera·

138 3441 155 3518 f
211 3461 276 3504 rum
293 3442 481 3506 necessarius
498 3455 559 3522 est;
586 3444 651 3507 sine
669 3467 703 3508 eo
718 3467 773 3509 uno
788 3448 844 3511 rito
861 3451 975 3530 precari
992 3473 1047 3515 neo
1059 3452 1115 3514 rito
1132 3465 1238 3515 cauere
1251 3471 1426 3534 possumus.

210 3529 373 3611 Utrumque
390 3530 541 3592 constitnit
557 3541 667 3612 partem
685 3535 790 3614 nultus,
816 3559 900 3618 quern
916 3539 981 3601 Deo
998 3542 1139 3602 debemus
1156 3548 1306 3620 praestare
1321 3559 1356 3600 ao
1371 3559 1424 3600 re-

211 3616 300 3697 quirit
315 3617 399 3680 fidem
416 3617 447 3679 iu
463 3619 562 3682 lesum
580 3618 744 3698 Christum,
769 3645 821 3703 por
846 3647 1031 3706 consequens
1050 3627 1134 3689 etlam
1151 3627 1276 3707 graiium
1294 3625 1422 3688 diuinam

210 3723 247 3767 ao
263 3703 393 3786 Spiritus
409 3705 442 3768 S.
462 3705 668 3786 operationem.
706 3709 765 3771 Por
779 3711 857 3774 buno
873 3712 1006 3794 spiritum
1024 3713 1088 3794 ipsa
1101 3715 1251 3788 earmina,
1277 3733 1351 3795 quae
1368 3734 1422 3777 oa·

199 3927 202 3934 '
278 3925 313 4025 2
327 3927 353 3976 ln
372 3918 487 3981 ibesaur.
507 3931 594 3983 enolae.
613 3939 671 3981 tour.
694 3929 717 3981 l.
739 3947 765 3998 p.
785 3931 845 3984 ibi.

243 4105 247 4114 .
280 3990 815 4134 ol>'iiiiii’..lt.liz.¹i.l’rn...
833 4083 859 4119 v.
880 4069 921 4121 ιι.
942 4033 967 4138 l·
987 4072 1047 4126 ιιι.

279 4127 312 4190 †)
331 4127 369 4179 De
395 4145 458 4181 vous
477 4127 581 4182 ’ἀσωτία
598 4133 672 4200 plura
693 4136 790 4186 babent
812 4136 836 4187 J.
853 4136 1028 4192 ‘Olennius
1045 4141 1078 4190 de
1090 4140 1152 4190 etilo
1171 4141 1209 4197 Ns
1228 4101 1304 4209 m.
1324 4139 1366 4192 38·
1392 4138 1416 4190 J·

131 4257 137 4270 .
212 4193 242 4244 C.
263 4195 429 4247 Suioerus
447 4199 473 4248 iu
491 4201 606 4255 uberante.
624 4204 711 4258 ervire.
729 4213 787 4259 tunt.
807 4205 831 4257 l.
851 4221 876 4271 p.
894 4205 956 4260 lbi.
976 4208 1003 4260 S.
1023 4207 1229 4276 De'ylingius
1247 4209 1300 4266 obn.
1317 4224 1417 4264 τατταν.
1450 4253 1451 4276 p

194 4261 237 4312 -3,
259 4279 284 4330 p.
304 4263 363 4316 340.
384 4265 409 4316 J.
431 4265 461 4317 Α.
481 4265 674 4320 Fabricius
695 4272 721 4322 in
740 4274 807 4323 notin
827 4276 865 4322 nd
881 4277 985 4328 Sextum
1002 4281 1078 4344 Emp·
1096 4294 1122 4345 p.
1141 4277 1200 4332 tut.

279 4332 340 4398 ††)'
352 4343 480 4388 comment.
498 4337 526 4384 iu
545 4338 645 4402 epistol.
665 4341 703 4388 od
718 4341 814 4406 Epicu.
832 4350 891 4397 tum.
908 4345 934 4398 2.
956 4361 981 4413 p.
1001 4346 1062 4404 362.
1110 4359 1117 4378 ·

277 4401 354 4470 †††)
375 4402 596 4488 inexercitatior.
617 4409 740 4474 exegetic.
762 4425 786 4476 p.
806 4409 856 4466 uui
876 4426 912 4466 ss.
