2944 4898
211 231 247 340 ,¹
286 235 321 298 de
336 189 576 336 sncnslpoblleis
590 235 629 300 ab
643 188 827 305 enolonret.
842 183 977 306 dudioso
990 241 1089 309 οιιΙιὶο.
1267 247 1293 314 V
1322 193 1326 206 ·

55 408 147 472 illins
173 429 296 490 quoqne
314 409 417 472 notabo
436 409 620 474 monnau
643 413 750 494 temple
765 413 906 478 babuisse
923 407 1117 496 intelligutur,
1154 417 1197 482 Ae
1213 427 1289 484 lou-

55 519 134 579 poro
164 495 243 559 inter
261 495 449 564 Valerianum
474 507 503 560 et
513 498 733 573 Diocletianum
759 503 1175 583 persecutionioninterieoto,
1198 527 1288 588 qunnr
1354 542 1364 564 .·

55 602 211 646 numme
225 585 458 647 Christianorum
475 587 580 648 nrirnru
596 587 627 647 in
645 570 759 650 rudinus
776 599 880 652 sudus
896 590 1075 667 inissetnat
1090 591 1200 654 multas
1215 591 1287 656 ubi-

58 693 117 753 que
139 672 276 734 locorunr
293 673 434 736 basilicus
450 683 617 736 exstructas
635 695 719 754 esse,
731 675 837 754 parti-m
854 677 1004 740 Eusebius
1012 677 1041 748 *i
1060 687 1089 740 et
1105 678 1286 764 Optatus**)

56 759 226 820 neomeniae
240 759 449 839 prodiderunt,
472 761 576 840 parlin
593 761 699 824 exinde
717 763 875 843 colligitur,
901 767 977 844 qnod
996 763 1184 844 Christianis,
1209 767 1286 829 llio-

58 845 196 908 rletiano
214 847 421 929 iubente*⁴*),
437 847 529 910 multa
544 849 651 929 templs
670 859 769 930 erepta
781 851 963 931 iisdemque,
983 851 1176 914 Οοοολοοιίοο
1192 855 1284 916 rebus

56 941 171 995 oerum
185 934 398 1014 patrocinante,
414 935 527 997 reddito
542 937 668 1015 sunt·†).
686 937 737 998 Sio
754 937 1015 1018 igilurObristiani
1034 939 1183 1018 erigendis
1200 940 1286 1002 nodi-

55 1021 150 1104 lieiis,
170 1021 239 1082 nsni
256 1041 342 1083 suero
359 1021 474 1102 dicatis,
493 1033 638 1086 unxerunt
655 1035 682 1086 et
699 1036 879 1087 exornarunt
896 1045 991 1101 suero,
1008 1025 1184 1107 simulatque
1200 1027 1239 1089 iis
1254 1027 1286 1089 iu

54 1108 161 1170 luoern
178 1110 297 1189 prodire
312 1129 418 1190 resque
430 1129 502 1172 suns
519 1108 615 1190 palam
627 1131 717 1190 ogere
729 1112 821 1190 licuit,
841 1121 868 1174 ot
879 1114 934 1174 boe
948 1116 1170 1194 quoquomodo,
1187 1133 1285 1196 qnan-

58 1205 120 1278 tuqn
140 1196 275 1276 ipsorum
292 1196 381 1258 fuerit
396 1217 493 1260 return
512 1217 663 1261 sacrarunt
681 1200 818 1277 studium,
835 1201 1032 1263 declararunt.

151 1283 240 1360 Quae
258 1283 418 1345 Christiani
442 1293 521 1346 touta
543 1305 613 1347 eura
630 1295 659 1348 et
675 1287 796 1350 solertia
813 1287 1004 1354 condiderant
1026 1295 1054 1348 et
1071 1296 1287 1350 exornaverant
1347 1341 1350 1346 ,
1377 1279 1381 1284 ’

61 1391 220 1432 sacrorum
239 1371 396 1447 solemnia,
423 1374 524 1433 oodoni
542 1373 668 1435 maxima
684 1374 828 1453 religione
846 1387 874 1436 et
890 1373 1067 1437 verecundia
1083 1377 1286 1438 observarunt.
1398 1387 1405 1404 ¹

60 1460 138 1520 Naar
158 1457 284 1538 primurn
298 1461 455 1520 admodum
471 1459 640 1540 frequentes
656 1464 693 1521 ad
711 1482 746 1523 ou
762 1461 898 1523 laniendo
914 1472 1105 1524 accuserunt
1131 1483 1187 1524 nec
1203 1463 1285 1523 ullos

58 1546 150 1606 irroilo
169 1546 376 1620 communione
394 1567 493 1608 conum
511 1546 623 1609 diutins
638 1547 731 1610 noluit
748 1569 860 1610 curere.
883 1549 1016 1610 lustinus
1027 1550 1151 1630 Martyr,
1169 1547 1285 1610 descri-

60 1635 136 1694 bens
154 1631 307 1694 solennes
323 1632 554 1694 Olnistiunornrn
573 1643 750 1696 convontus:
768 1633 810 1718 τῇ
828 1633 886 1694 τοῦ
901 1629 993 1714 ἡλίου
1010 1629 1156 1723 λεγομένῃ
1174 1629 1283 1718 ἡμέρᾳ,

62 1720 239 1800 inquit††),
257 1709 417 1792 πάντων
433 1709 510 1779 κατὰ
520 1710 629 1790 πόλεις
639 1712 660 1798 ἢ
670 1714 783 1802 ἀγρούς
794 1709 949 1798 μενόντων
965 1715 1141 1791 συνέλευσις
1157 1721 1284 1801 γίνεται,

63 1818 89 1868 nt
104 1806 215 1888 paucis
230 1807 411 1868 interiectis:
437 1797 495 1865 rio
520 1799 554 1866 δὲ
575 1804 636 1868 rori
649 1801 740 1884 ἡλίου
764 1802 882 1886 ἡμέραν
903 1803 994 1888 κοινῇ
1015 1797 1167 1876 πάντες
1188 1805 1282 1866 ουνέ-

61 1888 391 1971 λεοοινποιοῦμεθο,
415 1892 519 1973 bisque
535 1893 647 1969 verbis,
672 1893 697 1952 si
713 1891 762 1954 rel
778 1881 833 1952 td:
858 1881 973 1962 πάντες
992 1891 1122 1953 nolueris
1139 1906 1294 1972 promum.
1331 1908 1341 1924 “

63 1984 141 2062 quod
165 1980 269 2060 utiquo
288 1999 348 2040 non
366 1983 555 2061 proruendum
577 1989 635 2057 est,
651 1979 826 2059 significat,
850 1979 986 2058 singulus
1013 1976 1156 2040 eeclesias
1180 1977 1284 2059 queris

1 2138 2 2148 ἡ
63 2069 109 2130 die
128 2067 277 2146 dominico
291 2067 333 2128 ito
349 2079 545 2147 congregatas
563 2087 639 2144 csse,
662 2076 694 2128 nt
709 2087 793 2128 nemo
811 2066 900 2128 iaoile
918 2069 954 2128 ab
972 2085 1072 2127 earum
1090 2065 1284 2128 conventibus

63 2157 245 2216 abhorreret.
268 2156 380 2236 Neque,
398 2155 423 2216 si
440 2164 519 2216 recle
536 2153 662 2228 memini,
679 2153 831 2234 conquesti
847 2162 916 2214 suut
932 2163 1031 2233 patres
1044 2152 1284 2234 eeclesiuoprio-

62 2265 126 2303 rom
145 2252 307 2321 ternpornrn
331 2245 368 2302 de
391 2241 573 2320 negligentia
590 2239 822 2302 Christianorum
846 2241 878 2300 in
902 2240 997 2302 sacris
1013 2240 1181 2316 obeundis,
1207 2243 1284 2320 qnod

63 2329 164 2392 severi
178 2327 226 2389 illi
243 2349 354 2390 rnorrror
373 2329 526 2401 censuros,
545 2345 638 2408 neque
655 2349 689 2389 ac
708 2331 842 2389 doctores
860 2327 970 2407 publici
985 2337 1151 2388 nostrornm
1169 2337 1284 2406 tempo-

62 2439 143 2494 rum,
160 2413 268 2478 foetori
284 2416 423 2488 inissent,
440 2417 464 2477 si
480 2415 579 2477 deseri
597 2435 684 2477 suoru
699 2414 981 2478 uuinbdrertissent.
1002 2415 1040 2474 At
1052 2413 1202 2492 Decianus
1214 2433 1285 2492 per·
1368 2424 1370 2432 ’

64 2503 227 2566 secationis
246 2513 374 2584 ternpore
394 2503 579 2570 „inuniuntonr
596 2503 693 2564 inisse
710 2503 845 2584 pietatem
864 2510 892 2563 ot
907 2499 1082 2580 religionem
1099 2499 1285 2561 Christiano-

64 2613 146 2669 rum,
171 2591 276 2653 crebrri
292 2611 392 2652 eornm
410 2593 516 2652 docent
533 2589 684 2670 exempla,
713 2590 777 2671 qui,
804 2589 984 2652 constantino
1002 2594 1031 2648 et
1045 2585 1243 2663 strenuitatis,
1267 2606 1287 2648 u

65 2680 226 2760 primorum
244 2687 405 2758 temporum
416 2677 593 2740 Christianis
609 2677 640 2736 in
658 2677 714 2738 lide
732 2677 893 2758 profitendo
905 2679 1121 2738 demonstratos
1133 2673 1287 2734 immerno-

64 2787 131 2841 res,
156 2765 242 2828 iidem
261 2767 412 2828 durarunt
433 2765 585 2844 librosque
604 2782 707 2825 sacros
723 2764 942 2844 magistratibus
961 2761 1151 2824 tradiderunt.
1187 2761 1288 2838 Quare

68 2857 188 2916 credere
204 2854 282 2930 lieet,
308 2855 409 2914 eodem
427 2862 554 2932 ternpore
572 2851 720 2913 deiecisse
736 2851 846 2932 passim
862 2849 1035 2930 religionem
1052 2847 1288 2912 Christianorum
1318 2866 1323 2870 ’

66 2943 96 3002 in
111 2943 209 3030 sacris
224 2941 368 3002 iaciendis
385 2941 473 3020 idque
488 2939 585 3018 ipsum
602 2941 657 3000 snb
676 2947 845 3017 temporum,
864 2940 899 2998 do
916 2937 1023 3017 quibus
1044 2933 1158 3014 loquor,
1176 2935 1286 2995 exitum

69 3030 178 3091 inctnrn
198 3049 283 3102 esse,
308 3029 413 3090 exinde
437 3025 605 3104 colligitur,
630 3027 707 3104 qnod
736 3023 892 3086 concilium
910 3023 1128 3096 iliberitaunm,
1155 3020 1288 3082 habitum

64 3118 136 3178 illud
149 3138 176 3179 a.
186 3115 268 3192 314,
279 3122 381 3195 corripi
396 3137 442 3176 eos
460 3105 684 3190 debrevit†††),
701 3117 760 3191 qni,
773 3117 805 3172 io
820 3115 930 3170 oioitotc
944 3113 1037 3186 positi,
1053 3117 1108 3167 tono
1124 3109 1302 3184 dominicos,-

67 3208 264 3267 odeooleriom
280 3208 541 3264 reconnaissent.
572 3199 652 3260 ldern
669 3209 765 3260 tanen
780 3195 909 3257 concilii
926 3193 1089 3256 iliberitoni
1107 3213 1202 3255 canon
1217 3215 1289 3274 pro-
1330 3233 1335 3240 -

67 3297 132 3370 bnt,
158 3287 245 3354 nelos
262 3290 413 3352 indicasse
432 3288 618 3352 Christianos
636 3285 781 3346 dintiusa
803 3282 938 3366 publicis·
956 3281 1147 3344 conventibus
1172 3283 1289 3360 abesse,

72 3379 223 3461 quoniam,
238 3377 298 3440 nisi
313 3378 355 3440 ita
369 3377 408 3439 iis
424 3375 518 3439 nisum
530 3382 624 3450 esset,
649 3393 709 3434 uon
724 3372 814 3435 facile
831 3371 913 3452 passi
930 3369 1066 3446 inissent,
1086 3369 1228 3430 eiusmodi
1244 3365 1291 3432 le-

70 3483 137 3548 gent
156 3466 214 3530 sibi
233 3464 358 3532 obtrudi.
395 3463 441 3528 'Ao
458 3463 484 3524 si
501 3461 550 3528 rel
568 3461 691 3524 concedi
709 3463 841 3538 deberet,
866 3458 961 3522 luisse
978 3456 1088 3539 passim
1104 3455 1290 3520 Christianos

71 3751 141 3806 sunt,
163 3757 232 3819 quoe
255 3740 400 3806 Gregorius
418 3741 552 3807 Npsseouo
572 3738 673 3817 iqvitn
691 3735 809 3800 Gregorii
828 3733 966 3786 Thoumnt.
986 3738 1048 3782 tom.
1068 3729 1114 3812 ill.
1135 3747 1160 3798 p.
1179 3731 1293 3814 5⁶⁷·.‘¹⁰

71 3813 207 3876 basilicis,
228 3827 294 3877 quae
312 3817 429 3877 tempore
449 3809 505 3860 eius
524 3814 673 3859 exstructus
693 3813 720 3862 et
737 3803 919 3872 uprooousulo
933 3800 1051 3852 Romano
1067 3800 1168 3880 dirutae
1187 3800 1294 3868 fuorunt,

69 3883 211 3934 memoriae
233 3881 353 3930 tradidit.
815 3903 819 3910 ·
1084 3909 1089 3916 -
1307 3925 1333 3944 Ι,

137 3949 165 4014 *)
189 3965 215 4000 v.
239 3947 271 3998 ll.
294 3948 326 3998 n.
349 3946 380 3997 L.
400 3945 471 3998 Vlll.
500 3947 569 3998 o.·l.
597 3945 640 3996 ubi
669 3947 696 3996 iu
719 3945 804 3994 loounr
828 3940 885 3992 τῶν
905 3937 1034 3992 παλαίων
1060 3930 1295 4010 ολκοιλομήμοτων

71 4017 177 4088 εὐρείας
196 4016 227 4069 ἐκ
245 4015 386 4098 θὲμελίων
404 4013 548 4096 ἓκκλὴσίος
565 4015 723 4066 successisse
742 4017 841 4063 narret.
901 4041 903 4046 ·

138 4083 530 4224 :Qdev'sqgquqqq'gquplbsltq
543 4083 628 4204 Illllll·
643 4100 672 4202 cl.
685 4082 862 4220 illuserant.
884 4150 1016 4224 demente
1035 4163 1135 4216 perseo.
1155 4163 1179 4200 c.
1199 4147 1241 4206 12.
1268 4109 1295 4197 et

73 4243 95 4276 e.
116 4227 153 4291 5.,
176 4231 207 4276 et
225 4223 326 4276 lostitt.
346 4221 398 4272 div.
420 4219 451 4270 L.
470 4218 503 4294 V.
525 4237 548 4270 o.
568 4221 610 4272 ll.
632 4218 788 4274 Theodorot.
808 4218 840 4270 L.
858 4217 891 4272 V.
914 4233 937 4284 o.
957 4218 1000 4270 tt.
1056 4255 1059 4261 .

139 4297 172 4359 ἡ)
195 4309 222 4344 ν.
243 4291 342 4342 Euenit.
360 4287 392 4340 ll.
412 4288 446 4356 E,
464 4288 495 4340 L.
516 4287 552 4340 X.
575 4306 599 4350 o.
618 4291 649 4341 5.'

140 4363 196 4430 ἥ)
215 4376 243 4414 v.
265 4359 378 4426 apologo
393 4356 426 4408 ll.
449 4373 474 4423 p.
493 4359 538 4409 ss.
693 4401 714 4416 ,.

139 4431 217 4499 †††)
240 4445 268 4483 v.
289 4441 415 4482 cunonem
433 4427 489 4479 eius
507 4425 583 4482 XXI.
