2944 4890
218 271 283 351 ddi
569 271 583 278 ”
637 271 769 354 'rute'
787 271 994 354 dimidietas
1040 321 1043 328 -

219 471 263 524 est
280 479 339 541 pax
361 467 389 520 et
407 458 502 542 quies.
546 459 590 522 lta
609 460 686 522 enirn
704 459 814 524 diserte
835 462 1008 524 Lactantius
1031 465 1077 543 (de
1093 469 1177 522 murt.
1195 470 1334 540 ammoni.
1355 459 1440 538 10.):

219 555 360 611 Barnous
373 549 454 622 furor
470 549 530 626 ejas
545 559 570 610 et
585 553 631 610 ira
646 557 788 629 prccmait.
804 571 853 612 trra
868 554 990 632 emplius
1006 552 1155 630 quidquam
1170 558 1269 610 contra
1285 550 1378 627 kqem
1395 557 1441 608 aut

218 640 375 715 rettqiartem
393 640 447 696 Dei
472 639 546 712 fecit.
590 635 668 697 Nihil
694 637 784 716 igitur
811 639 908 699 adhuc
940 647 1041 699 contra
1066 635 1151 698 iidem
1182 634 1384 697 christianam
1418 642 1443 695 et

218 722 370 805 speciatim
391 720 468 783 sacri
489 721 599 784 codicis
616 721 764 786 volumina
782 735 931 803 tentatum,
955 727 1033 806 quod
1051 735 1154 804 postea
1171 721 1294 784 immani
1314 721 1443 784 saevitia

217 813 325 873 irtctum
352 827 419 870 rnox
455 809 625 871 docebimus
657 832 752 892 neque
786 831 890 892 passos
918 815 984 894 post
1006 811 1117 876 Veturii
1143 809 1345 872 adflictionem
1376 831 1444 872 esse

218 898 405 962 Christianos
423 896 645 960 existimandum
664 899 735 977 erit3
762 902 894 980 adeoque
910 907 938 962 et
955 907 1096 981 martyres
1115 897 1169 974 illi,
1193 917 1269 978 quos
1286 897 1442 960 Batonius

217 984 363 1069 produxit,
384 995 450 1046 ante
468 1005 576 1046 aunum
594 985 668 1047 303.
685 986 765 1068 passi
783 1008 840 1048 uon
858 998 935 1064 sunt,
955 989 1129 1049 observante
1144 983 1239 1066 Pugio
1266 985 1314 1065 (in
1334 990 1441 1047 (tritico

218 1077 256 1136 ad
272 1095 339 1135 anu.
356 1073 430 1133 301.
450 1093 478 1151 qr.
496 1074 569 1134 321.
588 1073 615 1156 ᾗ.
633 1072 686 1150 3.).
730 1073 792 1136 lruo
808 1095 862 1136 uec
878 1074 908 1135 iu
926 1073 1032 1136 milites
1050 1081 1152 1155 postea
1167 1072 1315 1137 saevitum
1333 1072 1440 1150 fuisse,

219 1160 369 1244 quaejam
385 1157 571 1238 adduximus,
589 1161 735 1223 Lactantii
751 1163 839 1238 verita
857 1161 990 1224 evincere
1008 1161 1153 1226 ridentur.

304 1279 331 1366 ξ.
350 1277 382 1342 4.
413 1275 550 1372 ¹Scilicet
570 1285 646 1364 post
671 1281 807 1368 aqitata
827 1281 969 1367 pessime
988 1281 1024 1348 in
1044 1279 1251 1348 Christianos
1278 1279 1440 1368 consilia,

219 1390 309 1438 anna
324 1366 462 1434 tattdcm
475 1371 552 1434 505
569 1365 693 1433 belluna
708 1369 853 1434 indicere
865 1367 1108 1456 classicumque
1124 1389 1248 1434 currere
1263 1375 1439 1455 tyrannm

200 1457 340 1542 'irrcepit
364 1454 523 1522 aduersus
543 1452 694 1540 publicus
710 1455 888 1522 Romanae
905 1454 1130 1543 reipublicae,
1152 1461 1190 1521 ut
1208 1453 1439 1542 uocabantur,

217 1539 363 1622 torrem)
407 1543 540 1608 Etenim
555 1542 585 1606 d.
601 1545 660 1609 25.
679 1541 861 1610 Februarii
874 1543 1109 1630 Nicomediae,
1127 1540 1187 1608 uli
1200 1541 1316 1610 eedem
1332 1541 1437 1608 lrabe-

218 1629 276 1700 bat
295 1632 490 1717 imperator,
509 1650 574 1694 tran
594 1629 629 1694 in
646 1627 774 1714 templa
791 1631 931 1714 saeuire,
949 1630 1009 1695 sed
1022 1629 1200 1716 propositis
1217 1630 1327 1695 ctiam
1342 1630 1437 1695 dein-

218 1741 293 1804 ceps
316 1716 436 1806 ubique
459 1716 573 1782 edictis
589 1715 784 1804 hominibus,
807 1716 930 1784 Christi
946 1712 1046 1804 qidem
1061 1714 1224 1804 professis
1258 1718 1437 1805 sacrisque

217 1807 408 1872 divinarum
426 1801 621 1870 litterarum
642 1803 861 1870 columinibus
878 1805 1051 1870 interitum
1067 1803 1196 1870 minari
1209 1763 1436 1894 funditusque

217 1891 328 1960 delere
343 1891 456 1959 omitia
474 1890 685 1973 constituit.⁴)

303 1997 338 2079 3)
366 1996 424 2058 llla
439 1997 501 2078 jam
521 1995 700 2076 adtingimus
724 2007 863 2079 tempora,
889 2019 963 2079 quae
982 1996 1109 2060 omniunt
1128 1994 1320 2060 confessione
1344 1995 1434 2078 longe

215 2083 417 2148 funestissima
434 2103 537 2146 sacrae
555 2083 664 2145 civitati
682 2085 878 2166 contigerunt.
922 2084 1064 2164 Quamvis
1080 2085 1167 2159 enirn,
1185 2095 1218 2147 ut
1231 2085 1295 2167 jam
1315 2085 1435 2148 monui-

215 2191 298 2249 mus„
309 2183 374 2254 post
390 2170 514 2234 militurn
530 2170 757 2234 christianorum
774 2173 884 2236 cladem
901 2194 953 2255 per
969 2179 1056 2236 hreve
1071 2171 1210 2256 temporis
1226 2171 1359 2256 spatium
1375 2194 1433 2255 pax

216 2263 284 2336 data
299 2259 388 2322 luerit
404 2256 558 2338 ecelesiae,
583 2280 641 2322 uon
660 2269 756 2329 tamen
772 2261 827 2323 illo
842 2261 899 2322 fuit
916 2261 957 2324 ita
974 2261 1121 2338 diuturna,
1145 2259 1216 2342 quin
1235 2259 1330 2322 multo
1346 2282 1434 2324 acer-

215 2349 300 2412 hiora
324 2348 385 2411 fata
410 2358 438 2412 ct
462 2347 619 2410 durissima
638 2346 786 2431 supplicia
810 2359 960 2412 manerent
983 2346 1070 2426 illos,
1099 2348 1149 2430 qui
1176 2348 1207 2410 iu
1232 2347 1343 2411 castris
1364 2351 1433 2412 lesa

216 2437 389 2500 militaturos
418 2457 485 2499 sese
509 2435 728 2516 profitebantur.
774 2436 901 2516 Copiose
924 2457 985 2498 rem
1009 2435 1204 2498 tristissimam
1229 2447 1434 2517 exposuerunt

215 2525 367 2614 Busehius
406 2522 499 2605 (trist
530 2523 603 2586 eccl.
627 2521 665 2601 8,
689 2526 710 2584 2
734 2531 797 2604 st.)
833 2534 861 2588 ct
891 2523 1065 2586 Lactantius
1098 2522 1153 2608 (de
1182 2534 1266 2586 mort.
1296 2535 1431 2605 peramat.

119 2626 125 2634 '
215 2633 238 2674 c.
261 2612 299 2670 10
316 2609 369 2688 rs.)
396 2609 553 2692 praecipue
577 2610 752 2673 consulendi
776 2614 813 2672 ah
839 2609 898 2694 iliis
921 2611 1077 2689 omnihus,
1110 2611 1159 2692 qui
1183 2609 1315 2691 penitius
1343 2632 1432 2674 nesse

215 2697 374 2760 acerrimae
394 2698 556 2762 vexationis
573 2698 726 2760 historiam
744 2709 893 2779 satagunt.
938 2699 1032 2762 Nobis
1049 2719 1117 2762 vero
1135 2697 1272 2775 sufficiet,
1292 2697 1320 2759 si
1337 2719 1432 2780 panca

215 2795 323 2848 tanturn
342 2807 379 2848 ex
403 2796 525 2868 utroquo
542 2785 716 2868 scriptorum
732 2785 791 2848 huo
807 2785 1030 2851 transieramus.
1063 2785 1205 2848 Nimirum
1221 2784 1431 2848 Diocletianus

130 2907 135 2912 ·
214 2874 366 2954 interiecto
383 2873 532 2956 aliquanto
546 2884 685 2954 tempure,
703 2884 853 2954 postquam
867 2873 897 2934 iu
919 2873 1027 2936 milites
1041 2873 1206 2952 saevierat,
1222 2873 1253 2934 in
1265 2872 1432 2956 Bithyniam

114 2962 119 2968 ’
215 2961 294 3032 veuit
308 2961 476 3039 hiematum,
494 2963 654 3042 eodemque
670 2972 739 3022 tunc
754 2959 955 3024 Maximianus
972 2981 1088 3043 quoque
1103 2960 1217 3024 Caesar
1231 2959 1430 3024 inflammatus

214 3048 327 3112 scelere
344 3049 469 3129 aduenit,
487 3059 517 3110 ut
532 3051 569 3110 ad
587 3051 806 3132 persequendos
822 3047 1005 3112 Christianos
1022 3047 1104 3109 illurn
1121 3045 1289 3128 instigaret.
1318 3049 1430 3112 decidit

213 3134 270 3198 hoc
291 3158 368 3198 anno
387 3137 467 3209 302,
492 3137 625 3216 adeoque
643 3135 795 3218 interjecto
813 3135 907 3218 spatio
927 3143 1052 3217 quatuor
1069 3156 1213 3198 annorum
1234 3145 1302 3218 post
1317 3136 1429 3201 letarii

213 3223 407 3288 vexationem.
451 3223 534 3284 Haec
563 3243 687 3309 namque
712 3245 777 3286 cnut
806 3223 835 3284 iu
855 3244 968 3286 anuum
999 3223 1074 3286 208.
1104 3217 1261 3286 referenda
1284 3223 1342 3302 ait,
1367 3225 1429 3305 ipsa

212 3324 309 3374 autern
332 3309 482 3390 generalis
515 3309 680 3391 persecutio
712 3310 888 3374 aunu·303.
921 3311 1058 3374 inchoata
1087 3311 1193 3390 luerit,
1223 3329 1352 3374 necesse
1378 3322 1428 3388 est,

213 3399 329 3464 venisse
348 3397 561 3460 Diocletianum
584 3419 661 3460 auno
681 3399 754 3460 302.
779 3399 809 3458 10
828 3398 992 3480 Bithyniam
1018 3409 1106 3480 atque
1126 3421 1178 3480 per
1198 3397 1286 3461 istam
1305 3397 1427 3462 hiemem

212 3509 278 3552 carn
291 3483 411 3550 Galerio
422 3483 604 3548 Macriniana
622 3488 657 3548 de
675 3506 746 3548 nece
759 3485 990 3548 Christianorum
1007 3485 1201 3550 delihcraese.
1232 3487 1303 3566 Qua
1315 3488 1426 3549 ratione

183 3617 188 3632 .
213 3587 309 3638 auteur
330 3572 484 3636 consiliunt
509 3573 628 3634 inierint
646 3575 730 3636 autho
755 3584 784 3636 et
809 3571 987 3638 Galerinsa
1014 3583 1105 3636 matre
1125 3571 1254 3654 Romula
1281 3575 1427 3656 supersti-

212 3663 371 3727 tiosissima
387 3660 555 3741 instigatus,
578 3658 793 3724 Diocletianum
810 3663 848 3724 ad
863 3660 961 3724 scelus
980 3660 1138 3742 impulerit,
1164 3661 1356 3749 e·Lactautic
1377 3664 1426 3746 ju·

211 3751 345 3824 cuudius,
366 3761 503 3832 tanquam
519 3747 636 3830 exlusa
652 3748 742 3826 fonte,
761 3748 940 3827 hauriuntur,
952 3759 1056 3830 ¹utpote
1073 3745 1171 3810 serbis
1187 3757 1292 3812 notatu
1310 3749 1425 3831 diguis-

211 3835 294 3898 simie
314 3839 351 3898 uh
375 3837 439 3917 ipso
464 3836 620 3918 descripta.
661 3835 771 3898 Postea
795 3857 882 3914 vero,
914 3856 1001 3917 quant
1022 3835 1160 3900 Galerius
1183 3836 1214 3898 in
1237 3857 1313 3900 suas
1332 3839 1426 3920 rapuit

210 3933 310 4004 partes
326 3923 552 4002 Diocletianum,
572 3933 600 3986 et
616 3925 734 3986 decreta
752 3931 797 3986 est
813 3923 846 3984 in
862 3923 1046 3986 Christianos
1064 3925 1242 4005 persecutio,
1262 3925 1337 3988 haec
1355 3929 1425 3988 suh-

207 4007 307 4090 jnngit
324 4015 398 4090 (cap.
418 4011 485 4094 12.)
501 4011 692 4074 Lactantius:
713 4017 868 4093 inquiritur
882 4014 1053 4092 qreraqendae
1066 4018 1108 4076 rei
1125 4015 1190 4074 aar
1201 4022 1287 4093 catat
1304 4024 1332 4074 et
1347 4016 1424 4090 felia,

211 4117 245 4178 qu
262 4102 436 4176 ocissimum
455 4102 628 4162 '1¹arnriuuliu
646 4101 811 4178 deliguntur,
830 4121 899 4180 qaue
915 4110 981 4162 eunt
997 4121 1027 4164 0.
1042 4101 1071 4162 d.
1085 4105 1152 4162 Vll.
1170 4101 1322 4164 Kalendas
1339 4108 1424 4170 Mar·

211 4187 267 4246 tius
275 4207 284 4258 ς
307 4195 337 4246 ut
352 4191 434 4265 quusi
449 4192 582 4248 terminus
596 4192 780 4267 imponeretur
794 4189 858 4248 ltuiu
873 4190 1009 4266 reliqiuni.

482 4304 532 4354 itte
548 4305 604 4356 dier
620 4307 723 4371 primur
740 4307 785 4357 icti
801 4308 953 4375 primasque
970 4307 1102 4361 matorum

483 4371 588 4422 Caussa
605 4375 668 4438 fait,

110 4523 117 4549 ‚
211 4493 281 4557 quae
295 4486 322 4540 et
335 4479 406 4558 ipsis
419 4479 445 4536 et
459 4475 519 4538 artri
535 4483 674 4538 terranem
688 4479 856 4542 umidarum.
884 4482 939 4554 Qui
954 4481 1012 4542 dies
1032 4499 1095 4543 cum
1114 4482 1268 4558 illusisset,
1286 4485 1424 4564 aquatilia
