2944 4890
1096 6 1467 25 '——7——--==-.n.

271 191 309 254 de
323 187 382 254 ritu
396 147 558 272 sbpsllendi
572 187 704 256 morinos
716 207 768 272 up·
783 193 853 258 roll.
868 188 1064 256 Christianos.
1207 193 1271 260 tac

54 367 149 429 lunas
174 364 205 426 in
229 364 339 427 lectuls
356 364 487 428 aliorum
504 375 675 429 sanctornm
696 385 785 429 mann
808 367 916 430 alatum
941 366 1047 431 inissa.
1081 367 1269 450 Epiphanius

56 459 147 537 (bour.
165 451 197 530 3,
216 455 281 531 71.)
305 463 486 532 auctorest,
513 453 675 534 Georgium
691 454 908 517 Alexandrinae
932 455 1025 536 episc.
1046 463 1124 518 certo
1148 477 1270 521 numero
1313 468 1315 476 '

53 543 178 624 lecticas
193 551 223 602 et
238 540 348 602 feretra
365 541 564 617 constituisse,
584 543 690 624 quibus
707 555 883 605 mortuorum
901 563 1024 623 corpora
1042 541 1207 606 efferentur.

142 629 223 690 luter
240 625 419 691 efferendam
438 627 551 691 lumina
570 641 598 692 et
618 631 695 693 cerei
712 630 828 693 accensi
848 639 877 691 et
893 630 1015 710 psalmi,
1034 630 1160 694 modulis
1176 631 1269 714 lugu·

22 732 26 740 '
56 718 161 780 bribus
181 727 209 779 et
232 716 488 798 luctupermixti,
515 719 711 796 canebantur,
741 729 772 781 ut
797 718 828 778 iu
851 722 944 780 endam
963 721 1138 780 oratiomodo
1159 722 1268 786 libitima

53 812 147 868 abacti
160 808 262 878 Basilii
273 805 480 868 Nazianzenus
497 805 594 868 refert.
622 806 682 883 Qui
694 806 723 866 in
738 804 868 867 oratione
882 805 1064 868 insamatrice
1079 805 1109 866 in
1120 806 1267 875 lulianum

54 897 89 955 de
108 893 214 955 funere
234 889 400 956 Constantii
419 893 602 973 imperatoris
622 894 763 974 inquens:
787 893 1026 970 „Coustsntius,“
1043 893 1146 975 inquit,
1162 915 1267 971 „oom-
1364 905 1368 912 '

53 981 193 1042 munibus
216 977 347 1042 omnium
367 979 461 1042 elatus
480 991 524 1042 est
541 980 679 1043 laudibus
703 999 739 1042 ac
763 981 877 1062 pompis
901 981 998 1062 iisque
1018 983 1208 1060 venerandis,
1232 1004 1267 1046 ac

51 1068 163 1130 uostris
180 1082 237 1130 nec
251 1087 311 1129 nou
324 1067 463 1142 cautibus·
479 1079 538 1130 tota
554 1079 640 1131 nocte
655 1068 874 1144 resonantibus,
894 1087 930 1129 aa
945 1067 1106 1131 luminibus
1122 1072 1267 1149 accensis,

52 1157 162 1238 quibus
178 1149 339 1218 Christiani
355 1155 510 1218 transitum
528 1158 670 1219 bonorare
687 1155 767 1237 pium
783 1177 949 1233 censemus,
966 1156 1184 1239 panegyrisque
1201 1169 1267 1240 post

49 1254 173 1307 mortem
190 1242 272 1334 dicta,
284 1253 336 1320 est,
355 1252 384 1308 et
399 1242 531 1324 corporis
548 1243 627 1307 iacta
643 1243 805 1324 deportatio
822 1263 886 1306 cum
900 1243 1118 1306 comitatioaa.⁸‘
1154 1245 1266 1312 Eadem

51 1333 117 1394 iere
146 1335 182 1393 de
203 1331 389 1412 imperaturis
413 1331 598 1394 Constantini
629 1351 734 1412 pompa
751 1331 871 1393 funebri
895 1331 1045 1394 Eusebius
1069 1335 1099 1392 in
1124 1335 1185 1410 ἠιιι
1207 1341 1267 1398 uita

51 1418 207 1481 iudicavit:
226 1419 410 1498 „Cadaver,“
427 1419 530 1500 inquit,
548 1420 599 1496 „iu
613 1417 738 1500 capsula
752 1417 927 1480 collocatum
942 1428 970 1480 et
980 1439 1126 1498 purpureo
1139 1421 1265 1499 tegmine

46 1516 232 1587 coopertum,
249 1505 532 1587 Constantinopolim
548 1509 727 1588 deportatum
745 1518 790 1568 est
807 1517 835 1568 et
848 1505 879 1566 ini
892 1503 1018 1568 basilica
1034 1506 1091 1567 sub
1110 1505 1263 1570 altissimis

49 1595 197 1676 gradibus
217 1593 399 1674 depositum,
423 1593 583 1656 luminibus
605 1614 697 1674 super
716 1590 902 1656 candelabris
925 1592 1024 1656 aureis
1052 1591 1161 1656 circum
1186 1597 1265 1660 circa

49 1682 206 1760 accensis,
233 1681 302 1744 inde
317 1683 475 1743 deductum
498 1681 529 1742 iu
554 1681 633 1744 aliud
653 1681 809 1762 templum,
833 1680 883 1742 nbi
902 1680 1049 1742 conditum
1069 1692 1125 1742 eet.
1160 1682 1265 1748 Turba

47 1772 192 1851 frequens
217 1770 315 1831 omnia
338 1769 457 1848 generis
481 1769 629 1831 bominum
653 1779 755 1830 secuta
778 1776 824 1830 est
847 1788 883 1830 ac
907 1789 1098 1849 processum
1117 1769 1185 1832 datu
1208 1794 1263 1852 pro
1339 1781 1346 1788 '

48 1858 150 1921 anima
179 1857 363 1937 imperatoris
395 1855 505 1918 ludit.“
547 1856 746 1938 Hieronymus
777 1855 807 1916 in
839 1859 980 1937 epitopbio
1008 1859 1118 1918 Pnubs
1148 1867 1263 1922 matris.-

48 1946 264 2024 „Sacerdotes,
283 1943 435 2030 lampades
457 1963 618 2026 cereosque
638 1943 837 2024 praetulerunt
853 1943 983 2004 luueri.“
1026 1944 1066 2005 Et
1080 1943 1110 2004 in
1129 1952 1208 2025 aptot.
1225 1950 1264 2010 od

48 2035 231 2096 Eustocbianr
256 2035 290 2094 do
308 2035 382 2094 obitu
397 2035 522 2094 Paulae:
552 2079 570 2110 „
580 2032 697 2094 Exhinc
720 2051 779 2092 uon
801 2030 933 2093 ululatus
942 2079 950 2109 ‚
975 2051 1034 2091 non
1052 2031 1205 2114 planctus,
1232 2045 1264 2097 ut

50 2121 130 2183 inter
144 2117 244 2182 seculi
260 2119 393 2182 hemines
409 2119 473 2181 lieri
489 2119 574 2197 eolat,
589 2121 642 2182 sed
659 2118 836 2201 psalmorum
856 2118 968 2199 linguis
980 2117 1105 2182 diversis
1124 2121 1263 2185 examina

47 2209 276 2289 concrepabant.
319 2201 537 2289 *translataque
575 2217 620 2269 est
652 2207 859 2288 episcoporum
887 2207 1024 2269 manibus
1056 2217 1086 2269 et
1118 2208 1261 2273 cervicem

44 2297 157 2358 feretro
174 2293 409 2378 subjicientibus,
426 2315 491 2356 cum
503 2293 554 2356 alii
568 2293 718 2374 prutiliues
730 2294 882 2374 lampades
894 2313 1055 2374 cereosque
1070 2295 1262 2375 praeferrent,

46 2384 96 2445 alii
112 2382 223 2446 eborae
241 2381 427 2464 psallentium
450 2384 601 2460 ducerent,
623 2381 655 2442 in
673 2381 768 2442 media
787 2379 914 2443 ecclesia
930 2380 1090 2462 speluncae
1106 2381 1262 2446 salvatoris

46 2482 91 2534 cst
114 2471 222 2552 posita.
257 2470 336 2532 'Pota
358 2473 395 2531 ad
419 2470 509 2532 lanus
533 2469 598 2550 ejus
622 2468 856 2530 Palaestiuarum
876 2467 991 2530 urbium
1013 2470 1099 2531 turba
1118 2471 1262 2535 convenit.

43 2559 205 2635 Monaclai,
228 2557 372 2638 virgines,
391 2557 506 2634 viduae,
526 2575 671 2637 pauperes
690 2558 821 2618 aderant.
856 2555 1001 2632 Hebraeo,
1024 2577 1144 2636 graeco,
1161 2555 1263 2637 latino,
1300 2551 1303 2558 ¹

44 2659 174 2729 syroque
191 2661 326 2708 sermoue
342 2644 448 2726 psalmi
466 2645 495 2705 in
512 2644 613 2706 ordine
627 2647 836 2724 personabant,
855 2665 913 2705 non
930 2643 1025 2706 solum
1042 2644 1150 2723 triduo,
1167 2649 1262 2712 donec

44 2736 150 2796 subter
169 2733 342 2810 ecclesiam,
361 2742 389 2794 st
409 2733 496 2814 juxta
514 2751 634 2812 specum
652 2731 770 2793 Domini
789 2734 979 2810 conderetur,
1006 2735 1059 2794 sed
1077 2754 1129 2814 per
1148 2755 1261 2798 omnem

43 2821 271 2898 hebdomadam,
288 2819 416 2895 cunctis,
435 2819 484 2901 qui
503 2829 651 2894 venerant,
670 2840 755 2881 snum
772 2818 863 2881 funus
880 2829 908 2880 et
924 2819 1059 2899 proprias
1076 2822 1261 2884 credentibus

46 2909 229 2990 lacrymas.“
261 2907 347 2970 litia
364 2911 481 2989 epistola
498 2909 535 2969 od
548 2912 688 2970 occanum
705 2909 738 2992 do
753 2909 851 2982 muers
867 2909 971 2968 Fabiae
986 2912 1146 2969 hmanas:
1171 2908 1260 2988 „lam

41 2998 126 3059 lama
144 2997 255 3074 uolans,
279 2995 350 3057 tanti
369 2994 542 3076 praenuntia
559 2995 672 3072 luctus,
697 2993 785 3056 totius
803 2993 886 3056 urbis
906 2990 1044 3074 populum
1064 2996 1100 3055 ad
1120 2996 1261 3078 exequias

40 3085 259 3165 congregabat.
294 3083 448 3145 Sonabant
475 3082 580 3164 psalmi
606 3092 635 3145 et
658 3093 761 3144 aurata
784 3091 860 3144 tecta
883 3079 1056 3159 templorum
1079 3085 1207 3146 reboans
1229 3085 1260 3148 in
1300 3139 1304 3146 ,

39 3173 172 3236 sublime
191 3170 341 3254 quatiebat
365 3169 495 3233 alleluia.
535 3171 594 3232 Hic
613 3170 754 3252 juranum
778 3167 901 3244 choras,
928 3165 991 3229 illic
1013 3188 1129 3233 senum.
1164 3171 1259 3234 badio

38 3260 284 3342 praecedentium
310 3269 420 3321 turmas
446 3269 473 3320 et
490 3258 656 3321 catervatim
673 3257 703 3341 iu
722 3257 855 3338 exequiis
873 3257 937 3336 ejus
957 3256 1168 3321 multitudinem
1187 3278 1259 3322 cou-

36 3350 193 3428 tinentem,
210 3369 267 3409 uon
285 3347 409 3428 plateae,
426 3365 485 3407 nou
502 3346 642 3427 porticus,
659 3365 717 3406 non
734 3344 915 3407 imineutia
925 3347 1055 3426 desuper
1067 3357 1142 3409 tecta
1154 3367 1260 3428 rapere
1286 3405 1294 3416 ,

39 3447 181 3518 poterant
202 3438 456 3516 prospectantes.“
498 3435 542 3495 lo.
568 3435 794 3515 Chrysostomus
818 3436 904 3510 (bom.
923 3436 953 3495 l.
977 3440 1007 3495 tn
1025 3455 1087 3514 cup.
1106 3437 1136 3496 2.
1160 3458 1202 3516 op.
1222 3438 1260 3500 att

40 3527 161 3600 flsbr.):
185 3523 263 3600 „Dio
280 3521 373 3588 milri?
390 3521 459 3602 qaid
475 3520 578 3583 volunt
593 3521 667 3584 istac
685 3521 857 3603 splendidae
873 3518 1034 3601 lampades,
1052 3520 1121 3603 quid
1139 3522 1259 3604 hymni?
1284 3517 1291 3526 “

36 3611 153 3690 Cogita
170 3611 238 3692 quid
257 3609 369 3691 psallas
385 3609 414 3670 iu
433 3608 484 3668 illo
498 3619 636 3689 tempore.
668 3610 836 3682 Revertere,
853 3607 956 3689 inquit,
975 3609 1073 3670 anima
1088 3608 1118 3669 iu
1131 3609 1260 3691 requiam

34 3709 133 3773 tuam,
158 3699 228 3778 quia
246 3698 328 3761 Deus
346 3700 421 3760 bene
440 3695 509 3758 lecit
526 3696 589 3759 tibi.
609 3757 615 3765 ,
632 3697 721 3758 Item:
747 3698 813 3759 Non
829 3697 937 3758 timebo
954 3696 1040 3773 mala,
1059 3695 1129 3776 qnia
1148 3706 1180 3759 tu
1196 3718 1260 3760 me-

37 3809 109 3849 cum
129 3792 194 3849 es.“
228 3786 266 3848 lit
281 3789 353 3850 bom.
368 3787 422 3847 ct.
442 3783 579 3847 affirmat:
600 3784 764 3862 „bonorem
782 3795 893 3846 mortuo
910 3805 969 3846 noa
986 3803 1056 3846 esse
1072 3784 1180 3860 fletum,
1201 3806 1259 3848 nou

35 3875 196 3957 ejulatum,
215 3876 269 3936 sed
286 3875 409 3957 hymnos
427 3882 455 3934 et
471 3872 600 3952 psalmos
617 3879 645 3936 et
661 3873 796 3953 optimam
814 3873 932 3935 vitamf‘
968 3871 1001 3932 ln
1019 3868 1127 3934 Galliis
1141 3894 1259 3956 quaque

35 3959 193 4036 messuit,
218 3963 321 4024 turbas
339 3959 527 4044 psallentium
545 3979 610 4022 cum
635 3961 730 4024 cereis
749 3961 853 4023 funera
870 3958 1037 4022 deduxisse.
1070 3959 1112 4022 lta
1135 3964 1261 4026 cadam

35 4049 203 4114 Gblotildis
223 4050 405 4112 Francorum
430 4048 552 4126 reginae
571 4047 759 4128 psallentium
776 4047 963 4110 multitudine
983 4046 1136 4110 comitante
1155 4049 1259 4130 sepul-

34 4149 101 4201 tum
120 4149 166 4200 est
180 4136 319 4212 Parisiis3
338 4149 370 4199 ut
386 4136 426 4199 ait
441 4137 607 4216 Gregorius
621 4135 806 4216 Turopansis
824 4138 934 4213 (cumr.
949 4133 981 4212 4,
1000 4135 1051 4213 1.).
1097 4136 1154 4214 Qui
1173 4137 1258 4202 etiam

34 4224 86 4304 (8,
111 4227 177 4301 10.)
198 4225 295 4302 refert,
315 4224 454 4287 Clodorei
473 4243 580 4305 corpus
598 4245 618 4285 a
633 4243 705 4305 rege
719 4221 935 4285 Guntharanno
952 4243 1016 4284 cum
1034 4223 1123 4296 clero,
1143 4225 1258 4306 populo

35 4325 67 4378 et
96 4313 193 4375 cereis
217 4311 355 4394 sepulcro
390 4314 555 4374 mandatnm
578 4310 682 4373 fuisse.
727 4311 809 4373 Beda
834 4309 960 4390 (Mb.)
984 4311 1187 4374 tintinnabulis
1211 4311 1257 4374 uel

34 4400 195 4486 campanis
213 4401 353 4485 populum
374 4399 529 4466 convocari
548 4398 665 4463 solitum
684 4396 777 4464 luisse
794 4399 879 4463 tradit
897 4401 933 4463 ad
951 4399 1086 4464 funerum
1104 4399 1257 4462 deductio-
