2942 4892
220 283 228 288 ’
319 263 355 323 de
374 259 482 325 ueteris
497 229 572 326 neel-
590 257 866 342 menesteus
883 260 994 342 rigore.
1195 258 1263 338 Μ

40 441 166 498 tamenn
180 431 343 512 ιςιιιὶιιι
358 431 413 518 (ad
426 457 496 500 aaa.
514 439 620 506 θοῦν,
634 433 759 519 ιιι).
781 472 820 482 -
838 434 868 519 q.
886 434 916 498 3.
941 431 1062 514 Reliqui
1076 434 1168 516 buius
1187 455 1263 507 cons

41 519 119 582 eilii
130 527 270 594 cannes,
295 522 427 602 quamuis
442 523 594 604 aliquanta
609 522 807 600 humaniores,
823 521 854 584 in
872 541 905 584 se
922 531 1017 588 tamen
1034 522 1156 604 spectati
1173 522 1263 602 rigidi

39 609 150 690 ntique
169 618 240 674 sunl
258 608 287 672 ic
314 610 425 678 uarium
449 631 545 690 genus
564 610 803 693 delinquentium.
847 611 943 688 Quam
960 609 1036 675 enim
1055 609 1263 692 poenitentiam

39 697 82 759 iis
109 697 277 776 imponent,
302 717 365 762 eam
383 698 493 762 tamdiu
511 697 637 766 trahent.
662 709 693 765 ut
710 698 891 781 poenitentes
910 706 967 760 non
986 695 1085 778 prius,
1111 719 1198 780 qaam
1213 695 1282 772 rel

39 783 131 846 morti
155 783 269 848 rieinos
287 785 332 848 ael
351 765 487 849 diuturno
509 785 687 867 jejuniorum
706 785 914 852 storatianum
933 785 1035 850 laboro
1054 786 1126 850 satis
1145 785 1263 852 exerei-

40 882 123 934 tatos
148 871 179 934 in
204 871 437 938 communionem
458 873 612 954 recipiant.
656 875 750 940 Erant
771 875 855 948 haee,
877 892 954 954 queo
978 872 1070 953 lapsis
1088 873 1118 933 in
1140 872 1262 948 crimina

40 958 243 1040 poenitentiae
266 961 415 1024 horrorem
433 960 580 1039 incutere,
603 961 733 1044 ipsorum
757 981 826 1026 rere
846 953 1053 1041 poenitentium
1069 960 1184 1026 animas
1198 961 1277 1033 lere'

39 1049 80 1110 ad
103 1047 349 1128 'desperationem
377 1050 523 1110 adducere
550 1056 693 1128 poteram
738 1049 775 1114 llt
804 1058 900 1110 tarnon
921 1049 995 1110 adeo
1022 1047 1163 1128 religiose
1188 1049 1262 1120 baeu

40 1146 173 1198 serrata·
187 1135 270 1202 suere
289 1135 321 1196 iu
337 1143 492 1217 dimotae
511 1137 665 1214 eeclesiis,
687 1146 720 1202 ut
740 1136 827 1199 etiem
852 1136 941 1200 molto
964 1145 1033 1216 pest
1049 1135 1080 1198 in
1103 1137 1263 1218 irroganda

40 1223 177 1303 grauiter
193 1222 435 1304 delinquentibus
458 1244 554 1304 poena
570 1221 755 1291 deeretoren
773 1221 892 1288 illorum
911 1243 1042 1286 normam
1060 1226 1193 1295 doctores
1209 1244 1262 1290 se·

40 1311 104 1375 euti
138 1310 261 1378 foedae
302 1311 334 1372 ld
366 1311 462 1392 ipsum
489 1313 645 1392 sexaginta
671 1311 788 1377 eireiter
810 1333 830 1374 a
854 1311 979 1374 coneilio
1001 1311 1088 1377 annis
1110 1311 1260 1378 Parianus

41 1396 149 1474 voluit,
169 1405 385 1464 Barcinonensis
402 1399 506 1480 episc„
523 1400 575 1480 qui
592 1400 714 1466 nefariis
728 1409 795 1480 post
810 1399 985 1480 baptismum
1006 1398 1178 1465 criminibus
1193 1399 1262 1480 pola·

41 1487 123 1548 letos
143 1487 232 1562 „dere
247 1487 278 1548 ie
297 1494 459 1568 conspeetu
473 1487 630 1564 ecelesiae,
650 1486 791 1569 perditam
808 1487 896 1550 uitam
913 1486 1031 1548 sordida
1046 1495 1128 1553 resto
1145 1485 1260 1567 lugere,

38 1575 190 1656 jejunare,
211 1591 306 1654 erare,
329 1573 508 1657 presbyteris
527 1575 654 1653 edaolri,
679 1573 871 1641 exoratricem
889 1573 1044 1639 ecelesiam
1062 1573 1262 1656 deprecari;“

43 1661 211 1743 pannisque
227 1661 386 1746 interjectis
404 1681 535 1743 „eorpus
550 1682 637 1732 saeco
653 1661 812 1740 inuoluere,
838 1661 936 1724 cinere
953 1661 1140 1742 perfundere,
1160 1683 1261 1729 mane„

39 1750 101 1813 rari
126 1749 257 1832 jejunio,
277 1749 434 1816 multorum
457 1751 595 1832 precibus
618 1749 778 1832 adjurari“
803 1750 934 1812 bortatur
955 1747 987 1812 in
1010 1749 1187 1829 gravissima
1204 1769 1262 1830 ιιι,
1340 1783 1348 1790 -

40 1843 194 1919 perornent
214 1840 256 1902 od
279 1845 473 1918 pertentium
495 1836 542 1922 ἕξ.
562 1840 635 1916 11],
653 1839 726 1904 lto.
770 1835 803 1899 ld
828 1837 923 1917 ipsum
944 1835 1113 1915 voluerunt,
1139 1837 1189 1920 qni
1209 1837 1262 1906 din
1368 1895 1371 1905 ,

40 1938 111 2006 post
138 1924 299 1988 Precianum
327 1927 448 1989 eandem
477 1925 609 2006 eorporis
641 1923 799 2004 subigendi
826 1923 1008 2005 disciplinam
1040 1924 1260 2006 poenitentibus

41 2013 308 2094 praescripserunt,
333 2033 472 2089 oenones,
496 2013 567 2078 editi
584 2013 623 2074 io'
633 2009 770 2078 conciliis
787 2011 1078 2092 Caesaraugustam,
1103 2009 1261 2078 Toletanis
1342 2089 1350 2096 μ
1448 2063 1450 2070 r

42 2103 163 2164 duobos
180 2099 337 2182 prioribus,
357 2101 504 2168 ilerdensi
521 2111 550 2164 et
568 2102 684 2164 duobus
702 2100 948 2167 Bracareosibns.
967 2135 1008 2153 -ι
1029 2099 1057 2183 §.
1073 2097 1105 2166 4.
1126 2101 1262 2169 Fuerunt

41 2188 264 2270 Hispanienses
282 2187 428 2252 ecelesiae
446 2207 482 2250 ox
499 2207 598 2252 earnm
615 2209 746 2267 numera,
761 2187 793 2250 in
808 2187 925 2270 quibus,
940 2187 1078 2252 restituta
1093 2209 1146 2269 per
1160 2190 1261 2256 orbem

44 2275 225 2342 Christianis
244 2276 471 2357 tranquillitate,
494 2277 583 2358 paule
602 2277 698 2339 serius
719 2285 809 2356 atque
826 2275 858 2336 in
875 2275 944 2336 aliis
968 2276 999 2340 in
1017 2274 1165 2342 lenitatem
1185 2295 1261 2338 eon-

42 2384 134 2427 rersa
157 2373 205 2426 est
223 2363 329 2428 rituum
349 2365 533 2444 antiquorum
561 2363 714 2428 severitas.
758 2361 875 2424 Etenim
897 2380 964 2422 ¹eam
983 2360 1067 2442 rigor
1085 2361 1150 2439 illa,
1175 2381 1262 2442 quem

42 2451 111 2516 inde
134 2453 173 2514 ab
196 2451 318 2518 ineunte
343 2473 404 2515 seo.
424 2451 474 2516 tt.
493 2451 636 2516 illibatum
656 2458 847 2516 seruauerant
864 2447 1081 2530 Hispanienses
1105 2448 1261 2528 eeclesiae,
1308 2514 1309 2518 ,

43 2539 72 2600 ἰι
92 2539 272 2620 quibusdam
291 2559 392 2602 earnm
413 2539 581 2602 imminutus
600 2547 695 2616 esset,
713 2535 884 2618 praesertim
912 2539 948 2600 ob
966 2535 1104 2601 meterem
1123 2537 1261 2604 baeresim

42 2626 135 2707 longe
151 2626 269 2708 lateque
285 2626 316 2688 in
335 2625 439 2690 Godais
458 2635 652 2705 grassantem,
668 2625 720 2707 qui
738 2623 956 2694 Gatbolieorum
974 2624 1101 2688 concilia
1116 2645 1261 2708 asperna-
1330 2633 1334 2642 ’

44 2717 168 2791 banturq
186 2717 301 2776 tandem
319 2723 404 2779 serto
421 2717 458 2776 ad
473 2715 559 2776 finem
575 2723 715 2793 uergente
730 2733 799 2790 see,
817 2712 932 2774 tertium
946 2712 1045 2776 'l'oleti
1061 2722 1262 2778 convenerunt

42 2802 72 2864 ic
95 2799 256 2866 eoncilinnr
282 2801 454 2882 congregati
479 2800 634 2880 sexaginta
658 2803 715 2862 duo
739 2801 828 2860 totius
845 2799 1008 2880 Hispaniae
1024 2799 1174 2880 episcopi,
1197 2798 1260 2880 qui,

42 2890 179 2972 abjurata
197 2889 314 2970 publiee
327 2889 502 2952 Arianorurn
519 2887 644 2964 haeresi,
664 2890 699 2948 de
715 2886 906 2954 instauranda
921 2889 959 2948 ad
976 2907 1106 2951 oenones
1122 2885 1260 2968 antiquos

43 2976 206 3040 eeclesiae
214 2977 374 3058 disciplina
399 2977 475 3040 omui
500 2976 597 3040 studio
620 2974 842 3054 animarumque
866 2973 1050 3034 contentione
1076 2971 1260 3048 laborarunt.

43 3064 123 3128 Hine
139 3085 208 3139 ean.
222 3067 273 3127 ll.
290 3065 419 3146 graviter
437 3062 634 3128 invehuntur
626 3084 656 3124 ιιι
674 3060 915 3124 cousuetudinem
933 3080 1037 3124 recens
1050 3060 1260 3164 introductam,

44 3174 112 3254 qna·
118 3135 195 3232 lapsi
218 3151 337 3234 quique,
354 3153 470 3234 quoties
488 3149 628 3232 peccandi
648 3148 770 3216 libidine
788 3150 984 3250 traherentur,
1007 3147 1092 3210 toties
1110 3148 1179 3212 editi
1199 3149 1262 3212 eri·

44 3239 131 3304 mimis
150 3239 263 3302 reniam
283 3261 302 3305 a
321 3239 499 3322 presbyteris
516 3244 726 3320 extorquerent
739 3237 924 3319 eandemque
941 3235 1033 3317 prins,
1053 3257 1140 3318 quam
1156 3233 1259 3300 bamili

42 3330 77 3389 ad
98 3329 197 3390 Deum
218 3328 430 3413 conuersique,
458 3327 555 3392 cordis
580 3326 668 3392 tortos
694 3323 868 3388 enutritione
889 3335 917 3387 et
941 3323 1118 3404 poenitentia
1140 3324 1261 3406 legibus
1290 3383 1292 3392 r
1373 3366 1375 3371 -

43 3417 204 3478 secundun
227 3415 375 3478 ecelesiae
395 3425 505 3478 statuta
522 3417 559 3476 nd
576 3414 788 3494 impetrandam
804 3414 917 3493 pacem
924 3411 1013 3492 digne
1032 3423 1061 3474 et
1079 3411 1261 3480 seduense

43 3502 175 3566 inissent
198 3504 374 3584 praeparati
420 3502 628 3583 „Qeoniaur,“
649 3501 748 3584 ajunt,
774 3500 1014 3582 „oouaperirnus,
1040 3521 1094 3581 per
1117 3501 1260 3581 quasdam

43 3589 253 3672 Hispaniarum
274 3589 417 3656 eeclesias
435 3611 495 3656 non
512 3591 675 3652 seeundum
694 3609 846 3665 canonem,
865 3590 916 3650 sed
934 3586 1107 3652 foedissime
1124 3607 1177 3668 pro
1194 3583 1261 3650 sois

43 3676 429 3759 pennatisbcminesagere
445 3677 670 3760 poenitentiamq
693 3675 974 3758 utqnotieseunqne
991 3695 1114 3756 peecare
1130 3672 1261 3753 libuerit,
1346 3670 1349 3676 ’
1466 3675 1467 3694 ’

44 3766 127 3829 toties
145 3786 164 3828 n
179 3769 365 3848 presbytero·
368 3787 401 3830 se
419 3765 602 3829 reconciliari
621 3765 809 3845 expostulent
827 3771 855 3824 et
870 3764 936 3826 ideo
956 3783 1008 3843 pro
1026 3763 1187 3825 coercenda
1202 3771 1261 3830 ιιιι

44 3853 203 3916 execrabili
227 3854 445 3935 praesumtione
462 3854 648 3917 idasaneto
665 3850 957 3932 ιοιιιὶΙὶοῇιΙιιιιιι,ι
952 3858 999 3912 ιι
1016 3849 1262 3951 seeundumlor·
1277 3879 1278 3882 ¹

44 3961 116 4004 mam
133 3961 279 4006 canonum
297 3942 481 4024 antiquorum
498 3943 602 4004 domur
619 3938 824 4022 poenitentiae,
841 3939 869 4000 b.
888 3959 914 3999 e.
931 3935 1063 4017 ueprius
1082 3957 1261 4020 unumquenque

45 4029 90 4090 sni
110 4029 339 4110 poenitetlncti,
359 4029 600 4095 aeomrouuieue
622 4047 812 4108 suspensum,
836 4023 1168 4106 ineiatiuterreliqnos
1184 4047 1261 4128 poe-
1328 4097 1331 4102 Ι

44 4115 168 4182 nitentes
192 4119 228 4182 ad
248 4139 353 4185 manns
371 4117 587 4203 impositionem
607 4117 710 4178 erebro
729 4133 893 4190 recurrere,
913 4109 1030 4192 expleto
1051 4122 1147 4184 autem
1167 4113 1262 4178 saue

43 4203 180 4268 laetioris
198 4215 337 4286 tempore,
357 4205 445 4270 sicuti
462 4201 656 4270 sacerdotalis
674 4199 880 4280 contemplatio
899 4199 1073 4280 probauerit,
1093 4221 1159 4264 enm
1179 4221 1261 4264 eom·

45 4293 174 4356 munioni
199 4295 345 4360 mebant
388 4293 527 4370 Eirene,
551 4289 604 4372 qui
624 4291 659 4352 ad
687 4288 787 4368 priora
802 4287 873 4350 uitia
898 4287 943 4350 ael
964 4287 1041 4350 inira
1064 4287 1261 4368 poeniteutiae

46 4387 157 4462 ternpus
170 4381 215 4445 rel
228 4389 299 4464 post
311 4381 584 4450 ιιιιιιιιιίιιὶιιιιιι
599 4376 782 4454 relabuntur,
799 4377 958 4441 secundun
971 4375 1109 4457 priormu
1115 4393 1261 4440 canonum

45 4469 226 4536 serentatern
228 4405 456 4598 Ualentinum
439 4471 458 4506 ‘⁴
482 4503 527 4522 ι-
550 4465 627 4550 §.sb
654 4425 802 4548 Quicquid
828 4464 967 4546 igiturne
985 4463 1120 4531 mnnilris
1138 4470 1261 4530 ιιιιιιιι-

961 4553 1025 4616 18*
