2968 4896
255 257 260 268 ¹
338 229 374 292 de
390 225 568 311 baptisteriis
584 237 712 300 veterum
730 187 972 296 Cbrlstitinornm.
1196 203 1262 303 ili

43 399 246 466 destinabant.
280 401 333 465 Sic
347 395 460 467 veteres
478 407 690 468 consecrabant
706 408 865 489 tenum),
884 406 1053 490 altannus),
1078 429 1149 474 rasa
1167 419 1195 475 et
1212 435 1262 477 re-

40 491 124 573 liqua
145 493 243 553 omma
259 495 294 554 ad
313 509 428 554 sacrum
447 509 618 574 apparatum
645 497 817 576 pertinentia
829 494 900 578 m).
939 494 1020 558 litteo
1037 497 1135 580 itaque
1155 501 1262 582 templa

42 577 206 662 etreliqua
223 572 261 641 ad
279 575 533 672 cultum-ditinum
556 585 717 662 spectantia
737 576 947 646 cnn'sotemni
972 586 1029 646 ritu
1046 599 1261 668 consecrarent,

40 667 218 748 baptisteria
243 669 328 730 etiam
355 681 385 730 ut
409 683 668 744 consecrarentur,
695 671 851 750 diligenter
876 663 1027 734 curabant.
1063 674 1149 736 Ritus
1173 687 1270 757 atquc.

45 755 248 832 ceremonias,
273 775 348 837 quas
366 751 511 838 primaeva
529 757 717 840 praescripsit
734 759 876 836 ecclesia,
905 759 1008 821 litteris
1027 762 1260 844 cottsignatas's)

42 843 195 923 legimus:
225 835 362 906 Primitus
379 841 427 905 liat
443 865 520 926 aqna
537 843 688 907 benedicta
707 867 771 907 curn
791 847 901 909 litania.
936 849 1046 909 Deinde
1063 849 1181 910 dicatur
1191 873 1261 912 ora-

44 931 102 992 tio:
130 929 333 1012 canoipoteus,
359 934 534 1012 sempiterne
550 931 649 1010 Deus,
676 933 743 993 fons
768 935 894 996 omnium
913 935 1047 996 virtutum
1066 948 1094 998 et
1109 938 1260 1017 plenitudo

42 1019 218 1100 gratiarnm,
236 1019 358 1095 dignare
375 1021 429 1079 bnc
446 1021 607 1095 vasculum,
625 1041 710 1081 sacro
723 1023 886 1102 baptismati
899 1023 1082 1094 destinatum,
1101 1025 1261 1104 majestatis

41 1117 109 1167 tuae
130 1107 300 1186 praesentia
317 1127 503 1185 consecrare,
522 1115 561 1180 nt,
586 1107 634 1189 qni
652 1108 762 1190 ubique
783 1122 861 1170 totus
879 1130 920 1184 es,
947 1106 1031 1171 etiam
1049 1111 1095 1172 bic
1111 1115 1215 1175 adesse
1234 1123 1261 1175 te

42 1196 153 1256 nostris
173 1195 310 1273 precibus
328 1198 497 1256 sentiamus.
537 1195 624 1257 'l'unc
643 1208 781 1276 aspergat
798 1197 929 1278 pontifex
947 1197 1042 1279 ipsum
1061 1199 1261 1276 baptisterium

43 1303 118 1363 aqua
141 1281 305 1359 benedicta,
322 1283 432 1343 addens
451 1286 566 1344 tedonem
584 1283 708 1346 incensi.
728 1321 765 1330 —
784 1281 809 1368 β.
821 1287 850 1346 6.
869 1279 951 1346 Haec
968 1294 1063 1346 autem
1081 1287 1260 1366 baptisteria,
1284 1331 1288 1336 ,

43 1373 75 1431 dc
94 1389 223 1450 quorum
242 1371 462 1432 consecratione
479 1391 522 1445 ca,
548 1391 622 1452 quae
639 1372 843 1444 innotuerunt,
868 1372 1153 1452 communicavimus,
1179 1383 1262 1456 eraut

43 1458 146 1539 primis
165 1459 345 1536 temporibus
363 1457 495 1519 aedificia
513 1479 634 1539 prorsus
646 1469 782 1540 separata
794 1481 810 1520 a
823 1459 938 1538 templis
951 1459 1182 1521 Christianorum
1192 1461 1260 1542 ††),

44 1548 158 1606 tandem
178 1546 295 1626 templis
314 1546 395 1607 lue-rc
417 1545 519 1627 juncta
543 1559 629 1628 atque
646 1546 676 1608 iu
695 1569 793 1608 eorum
811 1545 932 1606 introitu
947 1566 1053 1608 versus
1072 1548 1260 1626 occidentem,

44 1642 114 1695 teste
135 1630 391 1713 Bingbamo†††)
410 1639 566 1695 exstructa.
606 1633 659 1710 Et,
684 1635 709 1696 si
727 1633 904 1714 conjecturis
922 1633 1006 1694 locu's
1025 1645 1077 1710 est,
1101 1635 1166 1696 idco
1185 1636 1260 1714 bap-

43 1721 155 1783 tisteria
173 1720 204 1781 in
223 1721 295 1781 atrio
313 1719 483 1801 templorum
500 1719 700 1798 aedificarunt,
717 1724 793 1802 quod
812 1721 973 1800 baptismus
987 1731 1031 1782 est
1046 1733 1261 1783 sacramentum

46 1809 231 1884 initiationis
258 1823 309 1888 per'
325 1811 400 1889 quod
418 1807 607 1883 admittuntur
624 1809 755 1870 homines
773 1810 802 1868 in
821 1805 975 1870 ecclesiam
993 1815 1021 1870 cl
1038 1811 1073 1870 ad
1093 1829 1179 1870 sacra
1197 1831 1261 1891 my-

45 1896 134 1959 steria
153 1907 293 1978 tanquam
317 1917 369 1978 per
393 1896 509 1986 ostium.
544 1896 604 1957 Sec
621 1897 764 1978 quicquid
778 1899 890 1958 demum
909 1895 947 1957 sit
963 1899 997 1958 de
1021 1896 1111 1977 hujus
1129 1918 1262 1958 ceremo-

44 1985 109 2048 niae
127 1983 198 2060 fine,
217 1983 303 2044 nobis
315 1979 445 2046 hocloco
459 1993 577 2045 notasse
591 1983 728 2061 sufficiat,
747 1987 824 2066 qnod
841 1983 913 2046 baec
930 1984 1100 2065 baptisteria
1113 2005 1262 2046 consensu

45 2073 175 2133 omnium
200 2071 267 2132 loca
290 2072 400 2132 credita
418 2071 526 2132 tuerint
542 2071 740 2136 sanctissima.
779 2071 844 2135 Hoc
867 2082 967 2152 patere
992 2071 1059 2132 mibi
1085 2071 1200 2134 ridetur
1224 2093 1263 2134 ex

44 2159 154 2241 duplici
176 2159 318 2220 rationez·
335 2161 404 2240 quia
427 2159 643 2222 catechumenis
667 2163 723 2221 sub
741 2159 935 2241 gravissimae
959 2181 1072 2239 poenae
1097 2159 1262 2221 conditione

43 2259 105 2308 erat
122 2247 310 2308 interdictum
329 2246 358 2306 in
377 2245 503 2308 concilio
522 2245 623 2310 burel.
644 2250 659 2310 1
679 2259 743 2310 can.
762 2248 1023 2321 19.‚neinhune
1042 2247 1136 2310 locum
1156 2267 1262 2328 procc-

5 2382 6 2392 .
43 2338 131 2409 dant,
158 2343 219 2395 tum
239 2334 307 2416 quia
323 2333 474 2412 homines,
499 2335 548 2416 qui
569 2335 710 2416 ejusuiodi
730 2334 930 2414 baptisterium
956 2335 1019 2396 suis
1042 2336 1187 2396 sumtibus
1206 2355 1262 2395 ex-

43 2431 234 2499 struxerant,
258 2443 332 2502 opus
356 2425 498 2503 putabant
522 2423 711 2486 meritorium.
748 2422 942 2483 Luculentum
959 2416 1049 2503 bujus
1069 2421 1109 2482 rei
1128 2419 1261 2496 testimo·

43 2513 124 2572 nium
143 2511 264 2572 exbibet
279 2509 450 2590 inscriptio,
475 2531 550 2590 quae
567 2507 745 2572 Bethlebetni
764 2509 794 2569 in
814 2507 980 2589 baptisterio
999 2507 1116 2588 antiquo
1133 2507 1259 2588 legitur:

42 2600 99 2660 Pro
118 2599 270 2676 memoria,
288 2597 384 2678 quicto
402 2609 429 2659 et
445 2597 617 2659 remissione
636 2607 820 2680 peccatorum
839 2596 874 2659 Ο.
892 2595 927 2658 N.
946 2597 971 2658 J.
988 2595 1131 2678 Dominus
1149 2616 1263 2676 cogno-

43 2687 83 2749 rit
102 2686 273 2764 omnia†‘).
294 2721 330 2732 -
353 2683 427 2767 §.Z
444 2683 488 2745 11Ιί
507 2695 612 2762 autem,
629 2687 677 2766 qui
696 2685 760 2746 suis
778 2683 921 2746 sumtibus
938 2685 1108 2764 baptisteria
1125 2699 1263 2746 exstrue-

43 2777 115 2837 bant
131 2774 277 2851 bomines,
296 2791 358 2834 cam
374 2773 521 2834 habebant
537 2775 787 2849 consuetudinem,
804 2771 897 2832 utilia
910 2773 937 2832 in
953 2783 1107 2854 martyrum
1125 2769 1263 2854 sepulcra

45 2859 253 2938 aedificarent,
278 2868 350 2938 aut,
371 2860 395 2920 si
415 2857 475 2921 lieri
496 2881 554 2921 non
573 2859 681 2940 possit,
711 2879 780 2920 ossa
798 2880 896 2919 eorum
914 2857 1140 2936 inferrent†**).
1180 2859 1263 2920 Haec

44 2963 143 3012 autem
163 2949 346 3012 consuetudo
364 2947 507 3026 originem
531 2969 567 3009 ex
586 2946 810 3027 superstitione,
837 2967 873 3007 ne
891 2945 985 3026 dicam
1004 2967 1102 3006 errore
1128 2947 1263 3023 quodam,

45 3045 188 3100 traxerat.
222 3031 394 3097 Demetitis
412 3037 486 3096 euim
505 3045 662 3118 martyrum
681 3033 758 3116 plus,
778 3052 863 3114 quam
882 3032 953 3093 satis
972 3043 1025 3106 est,
1044 3029 1175 3111 glorifice
1191 3053 1263 3092 scn-

45 3127 168 3201 tiebant,
192 3125 276 3204 ipsos
295 3135 435 3205 martyres
455 3123 531 3184 omni
548 3125 659 3184 bonore
678 3133 901 3184 ornantcsossa
918 3139 1031 3196 eorum,
1057 3119 1081 3182 si
1101 3121 1184 3180 modo
1200 3117 1264 3180 fieri
1328 3127 1337 3138 “

46 3209 237 3295 possit†*'*)
263 3207 417 3292 splendide
435 3207 560 3292 sepeliie
588 3211 731 3272 solebant.
769 3209 835 3270 Hoc
854 3229 912 3269 non
939 3230 976 3268 ex
1000 3205 1134 3284 glorifica
1153 3213 1263 3268 tantum

47 3305 82 3365 de
100 3299 216 3363 meritis
233 3311 390 3382 martyram
407 3296 772 3380 proficiscebatur'opinio‚
790 3299 891 3358 sodex
907 3293 965 3358 aiio
979 3295 1064 3358 etiam
1083 3316 1174 3378 coque
1191 3314 1264 3378 gra-

116 3541 145 3605 1)
177 3540 217 3592 iia
245 3539 441 3592 consecratione
466 3538 618 3606 teutpiornm
645 3535 822 3590 ridbusab.
854 3537 916 3590 bist.
941 3537 1006 3590 ascl.
1033 3535 1080 3601 tu,
1112 3535 1137 3587 1.
1164 3535 1191 3586 et
1216 3531 1264 3586 Sd-

46 3620 113 3665 crat.
135 3611 149 3664 1
185 3595 229 3663 ld.

116 3645 168 3750 ”b
189 3679 228 3730 De
256 3678 453 3730 consecratione
471 3676 591 3730 altarium
609 3676 678 3730 coni.
701 3675 818 3728 Martena
839 3676 871 3726 de
890 3676 1006 3744 astr'qes's
1023 3674 1146 3726 ecclesiae
1169 3671 1264 3724 miles

47 3755 77 3806 ι·
94 3750 182 3850 1ξᾶ
200 3748 260 3868 {bb
274 3809 392 3866 bidricus
406 3759 435 3868 ¹1².
450 3831 471 3869 a.
488 3831 516 3879 p.
535 3807 595 3868 378.

117 3888 153 3951 †l
176 3877 347 3939 Turta.X1V.
368 3880 485 3934 tritiora.
504 3895 574 3936 max.
594 3887 711 3936 Parem

116 3957 174 4020 ἢ)
196 3955 320 4020 sslssslmlll
339 3954 358 4002 d·
378 3970 399 4004 θ.
420 3970 442 4008 0.
461 3952 486 4004 7·
509 3950 536 4018 §a
558 3952 582 4006 1·

115 4026 195 4092 ††)
217 4024 341 4090 Biugbam
360 4021 422 4072 ibid.
445 4019 473 4088 §.
495 4021 519 4072 1.
757 4069 762 4084 ,
803 4067 805 4077 ,

117 4028 168 4160 Pl)
190 4087 245 4144 etr.
264 4083 457 4157 Wedderltamp
476 4090 508 4138 de
526 4087 685 4154 baptisteriis
703 4105 724 4139 a.
742 4083 768 4139 3¹.
788 4083 815 4152 §
833 4081 876 4141 21.

116 4161 180 4226 †⁸')
201 4161 256 4212 Cir.
276 4159 467 4226 Weddorkamp
488 4158 551 4208 ibid.
573 4175 594 4210 e.
613 4159 640 4212 2.
661 4155 689 4223 d.
707 4158 751 4212 et.

119 4229 204 4297 †***)
226 4229 301 4281 Omni
320 4243 383 4279 cura
402 4229 427 4278 in
449 4227 603 4294 sepeliendis
626 4225 783 4292 martyribus
801 4236 864 4289 opus
882 4227 940 4272 erat
958 4220 1105 4288 primitivae
1126 4217 1263 4270 ecclcsiae.

51 4299 116 4352 Nam
134 4300 245 4364 gentilos
267 4311 366 4348 omnem
385 4295 567 4364 impendebant
584 4305 687 4362 operam
706 4295 732 4344 in
753 4289 906 4359 quaerendis
928 4291 1052 4358 matyrum
1072 4288 1221 4356 corporibus
1239 4291 1266 4334 ot

51 4371 74 4420 ai
93 4384 159 4436 qnns
178 4370 343 4430 invenerunt,
365 4379 395 4416 ea
415 4366 518 4428 indigne
537 4365 653 4448 maleque
674 4367 830 4414 tractarunt.
851 4355 1055 4412 Vidliocbmeri
1068 4357 1136 4422 disp.
1155 4354 1266 4422 dejure

53 4438 176 4503 erigendi
193 4435 343 4488 coemeterio
360 4451 381 4489 e.
400 4434 424 4486 1.
446 4431 473 4500 ᾗ.
495 4433 537 4484 tt.
