2944 4898
172 191 222 278 'en
418 237 422 244 ·
499 207 525 214 ”
569 170 690 279 XXXll.
731 184 1034 292 tssttAEmtgmrs
1139 177 1147 192 ⁵

176 399 265 468 stem,
290 387 386 452 solum
403 387 575 452 concinnam
591 386 647 450 bae
663 389 699 450 de
715 408 747 450 re
762 357 929 464 historiam,
954 405 1029 468 quae
1045 385 1101 446 boc
1119 381 1222 446 seculo
1238 379 1409 446 accidisse
1466 407 1467 420 ν

177 478 298 553 dicitur,
323 477 512 552 referentem,
538 476 668 539 audiisse
684 473 819 554 libuerit,
842 474 1039 537 testimonium
1055 468 1268 552 Nicephori*),
1296 470 1345 532 cni
1364 467 1406 531 si
1466 489 1467 498 ¹

177 564 332 646 aliqualem
350 563 433 626 tidem
450 565 576 627 tribuere
598 563 688 640 velis,
714 561 855 642 colligere
873 583 911 626 ex
927 580 961 624 co
983 559 1102 638 licebit,
1128 559 1310 640 temporibus
1324 555 1403 618 illis

177 673 281 734 aquam
301 652 485 729 necessario,
510 673 564 714 ceu
581 649 731 712 materiale
749 650 905 731 baptismi,
924 647 1117 710 adhibendam
1136 667 1220 722 esne,
1246 645 1406 707 creditum
1466 669 1467 690 ν

175 739 287 816 luisse3
303 739 452 800 historiam
470 750 539 819 puta
553 737 750 800 adolescentis
769 737 897 814 hebraei,
913 737 943 797 in
957 736 1113 798 solitudine
1128 733 1275 816 baptizati,
1293 731 1405 794 etiosa
1466 799 1467 802 Ἴ

177 837 221 890 ter
244 848 333 908 super
358 839 445 907 eaput
463 826 527 888 eius
551 845 657 903 areaa;
685 847 769 906 quern
794 845 863 887 vero
881 824 1043 907 Dionysius
1067 822 1157 903 episc.
1179 819 1401 883 Ascalonensis
1466 839 1467 850 ¹

178 935 269 976 causa
287 913 405 993 cognita
423 916 517 974 denuo
534 911 674 994 baptizari
691 912 787 974 iussit.
809 948 853 957 —
885 912 912 994 b.
930 911 960 973 3.
991 911 1111 974 Praeter
1128 909 1277 971 materiam
1295 908 1399 968 torma
1466 927 1467 970 ῑ

177 1001 315 1081 baptismi
333 1002 524 1080 expendenda
540 1011 593 1062 est.
630 999 717 1062 Ritus
735 1001 866 1080 quidam,
892 999 941 1080 qui
957 1001 994 1061 ad
1011 997 1131 1060 formam
1147 995 1285 1078 baptismi
1301 1015 1397 1076 spec·
1466 1015 1467 1038 ³

178 1095 249 1164 tart,
277 1109 311 1148 eo
328 1087 395 1148 loco
411 1085 500 1147 habiti
517 1087 649 1163 luerunt,
675 1096 707 1147 ut
721 1087 751 1147 iu
767 1087 897 1167 legitimo
915 1107 1014 1150 eorum
1031 1105 1090 1146 usu
1105 1084 1184 1146 sacri
1200 1084 1288 1145 huius
1306 1095 1396 1144 actus
1466 1133 1467 1138 ,

179 1174 308 1236 obeundi
332 1183 489 1254 poneretur
512 1174 658 1250 essentia3
684 1173 859 1236 intermissis
883 1171 1079 1248 autemillis,
1105 1171 1231 1252 legitimi
1254 1169 1395 1250 baptismi
1466 1199 1467 1234 a

179 1282 285 1322 nomeu
303 1261 377 1322 tueri
393 1283 452 1322 nou
469 1281 556 1342 posse
574 1261 659 1323 talem
676 1268 782 1339 actum,
799 1261 905 1344 quippe
923 1263 970 1323 cui
987 1259 1156 1323 essentialia
1171 1261 1319 1335 deessent,
1337 1279 1395 1337 op·
1466 1269 1467 1290 ³

179 1348 247 1410 timo
272 1349 336 1410 iure
358 1368 534 1429 persuasum
558 1349 725 1410 haberetur.
770 1349 838 1410 Huc
862 1350 1044 1415 reterennam
1070 1347 1204 1408 ducimus
1227 1347 1336 1409 factam
1361 1345 1395 1404 iu
1466 1359 1467 1364 ’

179 1457 284 1517 aquam
302 1436 503 1517 baptismalem
520 1437 752 1511 immersionem,
776 1435 880 1498 saltem
904 1435 985 1498 illius
1001 1434 1239 1515 adspersionem,
1265 1432 1392 1496 cerimo-

139 1549 142 1554 ·
179 1524 262 1600 niae,
287 1524 319 1584 in
337 1535 420 1586 aetus
443 1525 533 1586 huius
556 1523 689 1604 religiosi
711 1523 906 1586 celebratione
929 1543 1078 1605 uunquam
1095 1541 1154 1583 nnn
1177 1521 1235 1583 hoc
1256 1517 1339 1582 titulo
1364 1527 1395 1581 et
1466 1535 1467 1574 1

179 1611 296 1672 nomine
313 1612 482 1694 requisitae.
514 1611 626 1674 Prioris
643 1611 793 1692 egregiam
811 1611 984 1692 mentionem
999 1609 1070 1672 lacit
1086 1607 1303 1671 Tertullianus.
1333 1605 1396 1670 lm·

180 1697 336 1769 mersionis
361 1699 476 1780 quidem
500 1698 661 1780 generatim
685 1698 814 1762 meminit
837 1699 868 1760 in
894 1697 1092 1760 controversia
1115 1717 1180 1759 curn
1197 1692 1397 1772 Marcionitis,
1466 1733 1467 1776 p

181 1785 233 1848 ubi
249 1785 463 1849 immersionem
481 1807 518 1850 ex
537 1787 746 1848 consuetudine
762 1785 985 1864 haereticorum,
1010 1785 1066 1846 hac
1082 1785 1113 1845 in
1130 1805 1163 1846 re
1182 1805 1247 1846 eum
1265 1781 1400 1845 ccclesia

182 1873 343 1936 orthodoxa
359 1874 548 1951 conformem,
563 1874 653 1935 refert
661 1874 722 1953 **);
739 1872 929 1934 demersionis
946 1895 1014 1936 vern
1026 1879 1069 1934 ter
1084 1871 1181 1934 iactae
1195 1869 1398 1933 testimonium
1466 1899 1467 1934 r

182 1963 231 2020 dat
247 1960 335 2036 alibi,
359 1981 425 2021 cum
449 1958 530 2021 illam
554 1961 586 2020 in
610 1959 814 2020 sanctissimae
832 1959 988 2022 Trinitatis
1004 1959 1129 2021 nominc
1154 1958 1218 2020 fieri
1241 1957 1313 2020 dicit
1322 1955 1399 2036 W).

181 2046 299 2109 Interim
319 2067 378 2106 nou
394 2055 451 2108 tarn
468 2067 569 2126 presse
586 2045 794 2107 inhaerebatur
808 2045 1005 2108 immersionis
1022 2047 1105 2124 ritui,
1128 2055 1161 2108 ut
1180 2044 1268 2128 plane
1285 2044 1400 2106 reiice-

181 2143 263 2194 retur
279 2132 442 2213 adspersio.
482 2133 515 2194 ln
533 2133 650 2194 casibus
669 2133 744 2194 enim
763 2135 1001 2216 extraordinariis
1018 2133 1171 2214 adspersio
1190 2134 1289 2214 utique
1307 2131 1400 2194 adhi-

181 2220 243 2281 bita
260 2229 287 2280 et
303 2223 463 2300 approbata
480 2229 534 2298 est,
552 2222 627 2302 qnod
643 2219 717 2280 forte
735 2240 773 2282 cx
789 2223 890 2282 eodem
900 2221 1085 2284 Tertulliano
1101 2220 1227 2302 intelligi
1244 2219 1400 2301 potest†).

182 2307 381 2370 lmrnersioois
399 2317 513 2386 autem,
539 2317 582 2368 ter
605 2307 761 2387 repetitae,
786 2308 929 2386 originem
947 2309 972 2369 si
996 2310 1190 2388 indagamus,
1213 2308 1291 2370 idem
1309 2307 1399 2369 nobis

183 2402 268 2457 autor
285 2405 337 2472 est,
356 2415 418 2457 earu
436 2415 507 2457 aevo
523 2394 617 2476 ipsius
632 2394 669 2455 iis
686 2396 957 2473 consuetudinibus,
974 2416 1048 2477 quas
1066 2418 1103 2458 ex
1120 2395 1274 2458 traditione
1292 2415 1326 2457 se
1344 2415 1399 2457 ac-

116 2498 118 2502 ·
184 2482 300 2562 cepisse
319 2482 496 2544 existimaret
520 2481 662 2559 ecclesia,
686 2481 781 2543 fnisse
805 2485 1105 2562 adnumeratam††),
1129 2503 1164 2544 ac
1187 2482 1320 2563 quamvis
1340 2486 1398 2544 sub

184 2567 544 2648 magnifico'obligationis
561 2568 676 2630 divinae
700 2569 782 2630 titulo
805 2591 868 2632 eam
885 2571 1041 2633 universae
1069 2569 1215 2632 ecclcsiae
1238 2572 1398 2632 obtrudere
1466 2613 1467 2654 p

185 2661 307 2718 conetur
322 2677 459 2716 cacconem
473 2659 687 2736 apostolicorum
702 2666 804 2718 auctor
811 2657 911 2736 †††),
938 2657 1001 2719 eius
1027 2667 1122 2720 tamen
1140 2657 1305 2720 sententiae
1321 2660 1398 2721 snb·
1466 2669 1467 2722 i

184 2741 313 2804 scribere
330 2743 431 2803 merito
454 2743 631 2806 dubitamus.
670 2742 848 2807 Essentialis
864 2745 1040 2808 sacramenti
1062 2746 1150 2807 huius
1167 2745 1262 2806 forma
1276 2745 1398 2806 omuino
1466 2757 1467 2824 t

184 2831 215 2890 in
231 2828 360 2908 legitimo
378 2828 520 2892 formulae
539 2829 719 2911 baptismalis
735 2851 794 2893 usu
811 2833 972 2894 collocatur
995 2834 1109 2914 hocque
1126 2832 1334 2894 Tertullianus
1352 2832 1400 2894 di·
1466 2863 1467 2894 1

186 2925 263 2978 sente
280 2917 477 2997 testator†*),
501 2918 608 2999 quippe
625 2919 673 3000 qui
690 2939 751 2980 rem
769 2923 806 2981 ad
827 2919 1052 2997 institutionem,
1075 2921 1113 2981 ab
1130 2920 1254 3001 ipsomet
1268 2920 1399 2982 Domino
1466 2929 1467 2974 ἶ

184 3005 255 3067 lesu
271 3004 387 3068 Christo
410 3005 517 3068 factam
542 3015 570 3068 et
587 3005 729 3068 conditam
753 3003 931 3090 refert†**).
970 3003 1008 3070 Ut
1026 3008 1132 3072 mentio
1151 3027 1295 3088 expressa
1310 3008 1399 3070 trium
1466 3033 1467 3064 1

182 3141 409 3160 m*-

194 3283 197 3290 .
253 3237 279 3304 *J
301 3241 423 3292 exhibent
448 3247 474 3291 ct
497 3241 545 3290 hec
573 3243 675 3297 Geretae.
697 3242 879 3310 Magnenurg.
901 3245 930 3297 11
939 3281 948 3310 ,
973 3246 998 3297 6.
1028 3263 1054 3314 p.
1077 3247 1136 3300 109.
1168 3261 1200 3297 ex
1225 3246 1295 3297 dicto
1321 3245 1400 3298 Nice·

1466 3323 1467 3348 a

185 3309 259 3376 phor.
279 3307 304 3372 3,
327 3307 369 3358 ³7.

255 3375 302 3439 111)
322 3385 413 3424 contra
432 3376 562 3428 Marcion.
581 3377 606 3441 l,
625 3377 668 3432 28.
688 3393 714 3444 p.
734 3376 793 3430 ⁷53.
814 3381 858 3432 ubi
880 3381 910 3432 tle
931 3397 962 3432 ec
982 3382 1062 3434 dicitz
1082 3383 1156 3432 tacet
1174 3382 1315 3448 hominem,
1335 3399 1401 3433 mm·
1466 3399 1467 3414 ¹

185 3461 262 3514 quum
289 3445 363 3509 apud
387 3461 415 3493 ne
438 3445 637 3512 coinquinatum.
664 3446 695 3496 it.
721 3463 779 3511 cop.
796 3449 840 3504 99.
868 3465 893 3516 p.
921 3449 988 3504 754:
1012 3467 1063 3500 aon
1087 3453 1203 3516 tingitur
1226 3451 1303 3516 apud
1325 3453 1401 3502 illam
1466 3467 1467 3494 1

186 3529 263 3570 earo,
290 3513 342 3562 aaa
363 3514 448 3578 virgo.
485 3512 656 3564 Demersicois
682 3521 775 3566 testem
794 3518 917 3570 habemus
941 3521 1072 3574 constitet.
1097 3521 1231 3584 apostolic.
1253 3527 1399 3585 auctorem,
1466 3517 1467 3558 Ῡ

187 3581 229 3646 qui
248 3581 273 3645 3,
294 3581 336 3634 17.
359 3585 415 3647 (ap.
432 3581 640 3633 Conclerium
658 3591 716 3638 tom.
737 3585 762 3635 1.
780 3595 854 3652 patr.
871 3589 1003 3652 apostolic.
1024 3604 1050 3655 p.
1065 3587 1144 3655 291.)
1164 3589 1232 3640 hunc
1250 3589 1277 3638 in
1296 3590 1401 3640 modum
1466 3583 1467 3624 ἶ

185 3649 316 3717 loquitur:
337 3648 394 3701 dccl
414 3653 508 3701 τοίνυν
527 3645 557 3700 τὸ
575 3649 630 3720 μὲν
645 3644 789 3722 βάπτισμα
806 3655 844 3712 εἰς
858 3651 907 3706 τὸν
923 3649 1051 3708 θάνατον
1067 3655 1116 3708 τοῦ
1133 3657 1217 3720 Iacob
1235 3651 1400 3726 διδόμενον·

185 3713 215 3770 τὸ
235 3717 267 3772 δὲ
288 3713 364 3786 ὕδωρ
382 3714 444 3770 ἀντὶ
461 3717 558 3786 ταφῆς.
600 3741 607 3756 ·

254 3788 316 3857 111)
338 3797 429 3840 econtra
447 3793 576 3838 Praxean
595 3805 652 3856 cap.
671 3789 714 3845 26.
734 3805 760 3856 p.
780 3791 856 3847 nott.
876 3791 963 3844 Verba
982 3794 1038 3844 eius
1056 3795 1122 3845 boec
1142 3801 1293 3858 sonbernon
1313 3789 1400 3862 semel,

184 3856 232 3905 sed
247 3867 296 3919 ter,
316 3859 354 3907 od
370 3858 478 3921 singula
495 3857 597 3905 aomina
616 3859 645 3906 in
659 3873 785 3922 personne
804 3862 926 3924 singulae
943 3863 1080 3924 tingimur.

253 3926 287 3990 †)
306 3927 337 3976 de
353 3926 493 3990 poenitent.
502 3924 527 3974 6.
538 3941 563 3990 p.
576 3925 635 3977 196.
651 3927 730 3979 dicit:
750 3930 808 3995 quis
825 3929 890 3978 enirn
907 3931 957 3981 rint
972 3939 1026 3981 nnnc
1040 3930 1137 3994 infidae
1151 3935 1331 4000 poenitentiae
1347 3937 1400 3986 nebo

185 3991 368 4060 adsperginem
386 4008 465 4042 unam
484 3993 619 4042 cuiuslibet
637 4003 732 4062 atquae
749 3997 936 4048 commodabit!

253 4063 308 4130 Η)
327 4063 359 4114 de
378 4077 464 4113 coroa.
479 4061 554 4114 milit.
570 4060 646 4114 3-4.
665 4079 691 4130 p.
710 4064 758 4116 341
778 4079 814 4116 ss.

251 4134 327 4198 -Η-Ι)
346 4145 403 4182 cca.
422 4128 464 4180 50.
746 4131 748 4136 ’
1095 4160 1098 4164 ·

251 4199 303 4268 †*)
324 4200 355 4250 do
374 4197 494 4262 baptism·
512 4196 553 4249 1³.
574 4213 599 4264 p.
616 4199 676 4252 tot.
694 4201 749 4255 sita
770 4203 813 4252 lex
829 4203 1087 4271 tingendiimpnoito
1106 4215 1152 4272 est,
1169 4216 1197 4258 et
1213 4207 1302 4274 forano
1320 4225 1400 4276 prae.

182 4269 301 4384 {eripias
326 4269 377 4332 tte,
400 4265 499 4334 inponit,
519 4265 606 4316 docem
621 4269 753 4336 nonime,
779 4271 910 4336 tingentes
927 4290 972 4325 aas
989 4276 1018 4325 tn
1035 4291 1125 4327 nomen
1145 4278 1232 4329 Petreio
1248 4287 1275 4328 et
1292 4279 1362 4331 Fater
1376 4289 1400 4331 et

198 4340 299 4402 piritu
319 4335 420 4388 Sancti.

251 4403 314 4476 θ’)
333 4405 360 4481 id
372 4403 439 4474 qnod
458 4401 591 4464 evidenter
605 4405 768 4460 verberando
786 4409 870 4463 citata
886 4414 1026 4482 tentantur,
1047 4413 1166 4481 idemque
1174 4423 1259 4476 ecana
1267 4423 1400 4472 meaa
