2944 4890
179 295 183 304 ’
276 276 389 349 aratro
403 277 566 363 sansbnntli
582 279 714 351 nortun
729 301 778 369 sp.
795 294 863 352 vett.
879 283 1074 380 Christianis.
1212 289 1278 360 ata

58 459 88 511 et
112 447 145 510 in
162 447 312 533 plerisque
336 460 477 518 terrarum
499 455 584 520 nulla
608 457 674 522 talis
698 469 743 523 est
761 466 960 527 consuetedo:
984 471 1081 529 tanea
1108 463 1276 552 quicunqne

58 536 89 598 id
107 536 231 614 laniunt,
251 555 331 621 quas*
342 561 408 604 enm
425 545 624 625 adposuerint,
642 557 726 611 orant
741 559 769 612 et
784 551 931 630 unierunt,
955 563 986 614 nt
1002 565 1159 617 vescantur
1174 556 1220 617 rel
1238 574 1275 620 ex

11 699 14 708 Ι
58 626 105 686 eis
127 625 214 688 etiarn
232 627 438 707 indigentibus·
451 631 631 712 largiamur,
657 633 835 699 sanetilieari
858 640 898 700 ibi
918 657 970 702 eas
987 639 1088 702 velunt
1105 661 1157 723 per
1173 643 1277 705 merita

58 724 228 796 martyrum,
247 715 278 776 in
295 717 413 781 nemine
430 719 541 782 alemini
556 732 724 804 martyrum.
756 725 823 786 Neu
847 737 943 788 antean
968 728 1025 790 ista
1043 747 1110 791 essu
1129 730 1276 792 saerilieia

57 814 219 883 martyrum
246 803 342 877 norit,
373 805 423 886 qui
447 808 527 870 norit
549 829 654 885 unum,
687 813 763 892 quod
784 813 846 874 [leo
869 813 932 876 illie
960 813 1081 877 ellertnr
1098 817 1275 882 saerilleiutn

57 888 303 954 Christianorum.
338 891 401 955 Nos
419 894 518 976 itaque
541 907 681 978 martyres
701 908 816 962 nostres
839 921 895 963 nee
914 901 1022 964 alirinis
1042 903 1201 967 honeribus
1220 923 1276 966 nee

54 976 201 1041 sacrilieia
216 976 278 1042 illis
295 971 446 1044 offerimus
461 1003 515 1044 aee
534 1003 633 1046 aarum
651 987 758 1064 probra
776 986 807 1046 in
825 1007 924 1051 eorum
943 1009 1029 1052 saera
1045 993 1276 1054 eonvertiruus.“
1393 1053 1404 1066 ,

56 1067 102 1127 aa
119 1067 242 1128 enniana
259 1066 347 1148 plane
364 1071 481 1130 medum
497 1070 626 1150 loquitur
644 1070 678 1150 (l.
694 1072 714 1136 l.
732 1071 784 1150 22,
799 1075 861 1153 ².)=
881 1077 968 1153 „Nos
985 1089 1081 1141 autern
1099 1080 1274 1161 martyribus

56 1151 170 1214 austris
190 1175 247 1216 non
270 1152 378 1238 templa
401 1157 478 1218 sient
501 1157 573 1232 aliis,
604 1161 656 1221 setl
681 1162 836 1224 memorias
863 1163 939 1225 sieut
961 1163 1117 1228 homnibus
1142 1167 1273 1243 mortuis,

57 1261 184 1322 quornm
200 1243 276 1322 annal
290 1241 386 1304 Deum
403 1243 504 1306 uiuunt
519 1245 650 1325 spiritns,
666 1248 858 1328 fabricamus,
875 1272 930 1314 nee
945 1253 985 1314 ibi
997 1249 1147 1332 ‘erigimus
1159 1253 1274 1332 altaria,

55 1329 87 1390 in
107 1327 216 1410 quibus
234 1329 433 1394 saerllioenrns
450 1333 636 1414 martyribus,
655 1337 707 1396 sed
726 1337 776 1397 nui
794 1339 874 1416 lieo,
896 1349 924 1400 et
942 1350 1097 1420 martyrum
1115 1351 1143 1401 et
1160 1351 1272 1417 nostre,

56 1415 234 1479 saerilirinat
257 1417 460 1481 immolamus:
487 1422 523 1482 al
548 1424 624 1501 quod
650 1421 843 1502 saerilieiurn,
869 1425 947 1487 sieut
970 1426 1103 1488 boraines
1122 1427 1195 1506 Dei,
1221 1428 1272 1508 qni

56 1505 198 1567 ntundnan
224 1504 255 1566 iu
279 1506 345 1587 ejus
364 1506 553 1570 confessione
569 1507 719 1581 vicerunt,
739 1531 794 1572 sue
814 1511 879 1572 loeo
904 1523 931 1573 et
956 1511 1057 1592 ordino
1075 1513 1273 1592 nominantur,

55 1613 115 1654 non
133 1601 230 1654 tamen
246 1613 265 1654 a
280 1596 443 1672 sauerdole,
460 1593 509 1675 qui
526 1595 682 1674 sacrificat,
700 1597 880 1662 inuoettnlur.
910 1599 974 1661 Dee
989 1599 1106 1680 quippe,
1123 1620 1181 1662 aen
1197 1601 1273 1683 ipsis

55 1679 213 1758 saerilieat,
238 1681 370 1762 quamvis
388 1681 419 1742 in
438 1681 578 1762 anemoria
596 1682 742 1746 saerilieet
761 1705 878 1758 eornm3
900 1686 968 1766 quia
984 1687 1040 1749 Dei
1059 1691 1200 1750 sacerdos
1218 1697 1272 1766 est,

54 1789 114 1830 nen
131 1767 258 1831 illorum.
291 1768 389 1849 ipsura
407 1789 477 1832 nero
493 1769 670 1834 saerilioinm
687 1791 794 1852 eorpus
812 1784 857 1835 est
872 1772 993 1850 carisa,
1012 1777 1088 1856 qnod
1104 1795 1164 1836 non
1181 1775 1272 1838 ulier·

56 1869 104 1918 tur
126 1855 216 1936 ipsis,
244 1855 313 1936 qnia
337 1857 394 1918 lane
413 1867 480 1918 sunl
503 1867 531 1919 et
554 1857 645 1938 ipsi.“
690 1860 795 1922 Refert
811 1862 940 1923 loannes
963 1861 1202 1944 Chrysinsiutnns
1227 1863 1272 1946 (in

53 1953 214 2024 argumento
228 1949 305 2024 aptat.
320 1946 358 2006 orl
369 1944 542 2024 Romanos)r
562 1945 617 2022 ‚,S.
629 1945 714 2008 Pauli
728 1948 853 2027 aposloli
871 1947 1013 2028 epistolas
1027 1947 1133 2027 lentas,
1152 1953 1270 2031 quande

54 2036 93 2094 ael
112 2041 268 2112 martyrum
285 2033 440 2094 memorias
457 2033 589 2111 agendas
606 2033 764 2096 Christiani
781 2035 1018 2100 convenissent.“
1049 2036 1139 2098 Plura
1154 2048 1270 2118 patrum

54 2121 121 2182 loea
138 2117 289 2183 aemulare
305 2119 544 2200 supersedemus,
562 2139 600 2182 ne
617 2133 733 2202 praeter
750 2124 952 2186 necessitatem
971 2123 1065 2187 airuns
1084 2123 1271 2204 prolixiores.

137 2205 292 2288 caaxv.
326 2207 380 2268 De
402 2206 742 2271 translationibus
760 2210 996 2272 Senatorum
1021 2223 1271 2278 mortuorum.

55 2294 189 2375 Corpora
215 2300 384 2358 sanatorum
402 2293 551 2356 bominum
573 2294 654 2360 humi
682 2296 726 2356 rel
752 2298 830 2359 areis
854 2295 972 2359 iaelnsa
995 2300 1032 2358 aul
1056 2297 1147 2358 alinnn
1173 2299 1270 2360 locunt

53 2381 213 2445 transferre
229 2391 343 2445 relatas
360 2381 559 2457 consuevisse,
578 2381 745 2461 exemplum
763 2391 809 2444 est
825 2384 862 2444 ale
879 2403 1002 2462 corpere
1018 2383 1050 2443 S.
1064 2383 1172 2462 ignatii
1190 2403 1269 2445 anar-
1321 2435 1323 2440 .

52 2469 136 2551 tyris,
152 2471 238 2552 enjus
255 2487 325 2532 essa
340 2469 491 2546 solidiora,
510 2487 585 2549 quan
605 2467 751 2543 leonibus,
771 2467 821 2548 qni
839 2468 1140 2549 ipsuanaevorarunr,
1160 2489 1268 2552 snper·

50 2557 188 2632 luerunt,
214 2566 247 2618 ut
264 2557 367 2620 scribit
384 2556 570 2636 Nicophanes
593 2555 677 2636 (bist.
698 2553 771 2618 ecel.
790 2553 821 2629 3,
842 2559 905 2632 19.)
929 2555 1020 2632 lanne
1041 2569 1169 2639 tempore
1192 2569 1269 2640 past,

52 2645 93 2727 pii
115 2643 273 2706 Christiani
293 2644 388 2708 Roma
405 2643 586 2706 Antiochiam
605 2641 786 2707 tetulerunt,
816 2644 849 2706 S.
868 2644 1025 2707 Cornelius
1051 2666 1128 2726 papa
1145 2660 1269 2724 regatus
1320 2717 1327 2730 ,

51 2749 69 2794 a
86 2733 212 2814 quadran
229 2739 361 2795 matrona
377 2732 503 2806 Lauina,
520 2749 643 2812 eernere
660 2731 809 2792 beatorum
825 2732 1025 2809 apostolerum
1041 2732 1120 2794 Petri
1139 2743 1167 2794 ot
1183 2732 1270 2795 Pauli

52 2842 68 2883 e
95 2819 399 2882 balneabis-levarit
420 2829 519 2894 unctu,
538 2830 567 2880 et
585 2836 694 2898 eorpus
711 2818 827 2899 quidem
847 2817 922 2878 beati
943 2817 1028 2880 Pauli
1047 2821 1131 2880 lunata
1151 2819 1277 2882 tantan
1330 2819 1331 2822 ’

53 2907 177 2990 priunum
195 2907 295 2987 posuit
310 2905 339 2968 in
357 2905 624 2988 praeliminaria
642 2904 783 2981 Ostiensi,
801 2907 837 2968 atl
856 2904 944 2981 latus,
960 2907 1010 2967 ubi
1030 2902 1195 2967 derollatns
1212 2917 1268 2984 est,

52 3015 162 3076 eorpus
181 3013 253 3056 vero
274 2995 350 3056 boati
371 2993 448 3057 Patri
465 2993 572 3074 aareipit
590 2996 693 3056 beatus
711 2991 870 3056 Cornelius
888 2992 997 3072 epiro,
1022 3004 1051 3055 et
1067 2993 1169 3072 posuil
1182 2994 1269 3074 juxto

51 3082 168 3156 laterata,
192 3082 243 3143 ulti
269 3080 427 3145 erueilixus
446 3092 507 3157 est,
532 3081 609 3143 iuter
632 3099 755 3161 eorpora
776 3081 826 3143 Ss.
845 3081 1048 3162 episcoporum
1066 3079 1096 3142 ia
1116 3081 1268 3146 Varianae.

49 3169 173 3236 Marium
189 3168 390 3231 translationis
403 3169 514 3232 liutmun
526 3167 652 3230 usitatae
667 3168 756 3230 refert
768 3168 952 3231 Sororueaus
967 3167 1051 3247 (laist.
1062 3166 1175 3244 erra-ta,
1188 3170 1269 3241 aba:

50 3257 161 3333 „Cinea
178 3258 206 3318 lrl
224 3267 338 3342 tetuinus
356 3255 467 3318 Meletii
485 3254 626 3336 'reliquiae
643 3255 826 3318 Artiorhiarn
853 3259 1022 3337 renouatus
1038 3267 1065 3318 et
1079 3256 1162 3338 juata
1180 3255 1268 3316 leuu-

50 3345 110 3406 lura
136 3339 267 3424 babylae
293 3345 428 3425 martyria
453 3343 606 3422 depositae
623 3353 710 3404 'sunt
750 3344 842 3423 ljunt
867 3365 969 3423 perro,
1002 3365 1054 3426 per
1077 3355 1164 3406 tetam
1191 3342 1268 3405 niatu

49 3429 211 3514 prrlrlirarn,
230 3433 386 3512 err-iraper.
398 3430 561 3492 'l'lreorlosii
576 3432 674 3511 jussu,
692 3431 819 3492 nadaver
832 3428 904 3493 illud
923 3433 997 3493 intra
1013 3433 1104 3493 nrbes
1119 3441 1268 3510 narratura

47 3520 155 3587 luisse.
173 3529 290 3601 praeter
305 3539 411 3584 rnorem
428 3517 652 3600 institutumque
666 3519 875 3595 Romanorum,
893 3531 920 3582 et
938 3518 1116 3600 psalmorum
1132 3516 1269 3578 rantibus

49 3627 102 3688 por
124 3607 246 3682 singula
267 3607 334 3670 lura
356 3604 523 3673 alternatim
543 3617 707 3686 arreptura.
727 3605 886 3669 bonoribus
901 3607 1084 3671 Aeriorlniutu
1104 3625 1197 3686 nsque
1213 3606 1269 3665 aa·

48 3697 170 3756 deerunt
200 3692 328 3756 tutarer*
373 3695 473 3758 atram
501 3712 570 3754 roro
600 3694 632 3754 ia
658 3693 791 3755 levandis
820 3706 848 3757 et
874 3694 1086 3756 transferendis
1112 3703 1269 3774 marrtyrurn

47 3783 178 3844 inventia
196 3782 380 3862 torporibus,
396 3782 426 3842 in
443 3781 676 3843 ereirlentalilrus
692 3781 830 3843 arelesiis
847 3794 1029 3863 usurpatum,
1045 3781 1078 3841 S.
1094 3779 1269 3843 almirruaias

46 3869 162 3932 iarlirat
178 3874 237 3950 (ep.
253 3873 305 3931 bb.
324 3872 362 3932 at
377 3871 481 3947 soror.)
500 3868 561 3930 sie:
587 3868 741 3942 „l’rinruan
760 3869 906 3944 inuentae,
924 3889 979 3930 seu
997 3867 1093 3930 sturlio
1112 3887 1167 3930 aru
1185 3889 1269 3946 auam¹

47 3955 152 4022 Saaeti
170 3953 299 4040 alieujas
317 3955 459 4039 reliquiae
478 3957 586 4038 popello
604 3959 850 4036 monstrabantur,
871 3968 900 4018 et
915 3957 1001 4036 eujus
1018 3967 1116 4018 essent
1135 3957 1269 4040 aaurtyrls

46 4044 286 4120 significabatur.
319 4045 434 4108 Deiaale
452 4044 554 4104 anline
573 4047 824 4126 componebantur
842 4055 871 4105 et
887 4043 1139 4106 transierebantur
1156 4047 1192 4107 ab
1209 4044 1269 4105 uli·

45 4135 126 4215 quari
146 4131 296 4210 ternatlnuu,
315 4133 363 4194 ulti
381 4130 502 4208 vigiliae
519 4143 577 4194 teta
595 4143 681 4194 nerto
698 4130 814 4207 iebant,
832 4131 935 4192 enar-io
952 4133 988 4192 ale
1003 4130 1062 4192 rita
1078 4131 1173 4210 ipsius
1190 4152 1280 4218 anana,

43 4223 118 4303 tyris
139 4217 321 4298 habebatur,
346 4219 454 4281 lielrant
475 4218 629 4284 mirae-ula.
662 4219 755 4292 Arari
781 4218 876 4292 enias,
903 4218 953 4298 qui
977 4231 1075 4281 reatos
1093 4220 1268 4283 Senatorum

44 4328 138 4372 aranu
161 4308 374 4385 reatin-issam,
403 4306 616 4370 sanabantur.“
662 4305 838 4368 celebratur
861 4302 1016 4369 sollsrnuis
1038 4306 1091 4370 illa
1115 4302 1269 4370 translatio

44 4395 186 4478 eorporis
203 4396 298 4459 saneti
316 4391 451 4478 babylae·
464 4393 601 4476 martyris
619 4392 802 4468 butiorbiae,
819 4396 857 4456 rte
873 4415 931 4476 qna
942 4395 1083 4468 Socrates
1099 4393 1179 4466 (bist.
1193 4386 1269 4450 erel.

42 4484 75 4567 ³,
100 4486 176 4562 iss).
199 4525 204 4532 -
222 4484 296 4548 Gru
314 4485 392 4550 auin
410 4485 583 4554 sacerdotes
601 4480 756 4567 Apollinis
768 4479 889 4549 iuliano
906 4494 1073 4568 amaturae,
1094 4472 1269 4542 Autieebian

94 4585 280 4643 sannaus.
291 4585 438 4635 aroana.
1022 4566 1068 4638 2³
1159 4587 1165 4600 ³
