<?xml version="1.0" encoding="UTF-8"?>
<!DOCTYPE html PUBLIC "-//W3C//DTD XHTML 1.0 Transitional//EN"
    "http://www.w3.org/TR/xhtml1/DTD/xhtml1-transitional.dtd">
<html xmlns="http://www.w3.org/1999/xhtml" xml:lang="en" lang="en">
 <head>
  <title>
</title>
<meta http-equiv="Content-Type" content="text/html;charset=utf-8" />
  <meta name='ocr-system' content='tesseract 3.04.00' />
  <meta name='ocr-capabilities' content='ocr_page ocr_carea ocr_par ocr_line ocrx_word'/>
</head>
<body>
  <div class='ocr_page' id='page_1' title='image "./thesauruscommen00volbgoog_0379.png"; bbox 0 0 2944 4890; ppageno 0'>
   <div class='ocr_carea' id='block_1_1' title="bbox 218 203 1012 306">
    <p class='ocr_par' dir='ltr' id='par_1_1' title="bbox 218 203 1012 306">
     <span class='ocr_line' id='line_1_1' title="bbox 218 203 1012 306; baseline -0.005 -2"><span class='ocrx_word' id='word_1_1' title='bbox 218 205 282 306; x_wconf 82' lang='lat' dir='ltr'><strong>era</strong></span> <span class='ocrx_word' id='word_1_2' title='bbox 507 207 509 214; x_wconf 74' lang='grc'>’</span> <span class='ocrx_word' id='word_1_3' title='bbox 633 205 738 303; x_wconf 77' lang='lat' dir='ltr'><strong>rnen.</strong></span> <span class='ocrx_word' id='word_1_4' title='bbox 768 203 1012 302; x_wconf 68' lang='lat' dir='ltr'><strong>caesaraeam</strong></span> 
     </span>
    </p>
   </div>
   <div class='ocr_carea' id='block_1_2' title="bbox 134 391 1441 2584">
    <p class='ocr_par' dir='ltr' id='par_1_2' title="bbox 134 391 1441 2584">
     <span class='ocr_line' id='line_1_2' title="bbox 218 391 1441 498; baseline -0.011 -20"><span class='ocrx_word' id='word_1_5' title='bbox 218 423 247 478; x_wconf 89' lang='lat' dir='ltr'><strong>et</strong></span> <span class='ocrx_word' id='word_1_6' title='bbox 265 413 419 492; x_wconf 72' lang='lat' dir='ltr'><strong>Strumae,</strong></span> <span class='ocrx_word' id='word_1_7' title='bbox 437 407 467 488; x_wconf 84' lang='lat'><strong>5,</strong></span> <span class='ocrx_word' id='word_1_8' title='bbox 489 415 538 474; x_wconf 86' lang='lat' dir='ltr'><strong>bb.</strong></span> <span class='ocrx_word' id='word_1_9' title='bbox 557 409 586 498; x_wconf 78' lang='lat'><strong>§.</strong></span> <span class='ocrx_word' id='word_1_10' title='bbox 602 413 656 474; x_wconf 85' lang='lat'><strong>71.</strong></span> <span class='ocrx_word' id='word_1_11' title='bbox 674 411 727 475; x_wconf 83' lang='lat'><strong>72.</strong></span> <span class='ocrx_word' id='word_1_12' title='bbox 752 433 781 494; x_wconf 91' lang='lat' dir='ltr'><strong>p.</strong></span> <span class='ocrx_word' id='word_1_13' title='bbox 801 411 864 475; x_wconf 82' lang='grc'><strong>888</strong></span> <span class='ocrx_word' id='word_1_14' title='bbox 884 408 940 490; x_wconf 63' lang='grc' dir='ltr'><strong>εἶ’)</strong></span> <span class='ocrx_word' id='word_1_15' title='bbox 975 391 1097 486; x_wconf 84' lang='lat' dir='ltr'><strong>Pnaeter</strong></span> <span class='ocrx_word' id='word_1_16' title='bbox 1116 391 1226 471; x_wconf 69' lang='lat' dir='ltr'><strong>rocem¹</strong></span> <span class='ocrx_word' id='word_1_17' title='bbox 1240 392 1441 489; x_wconf 74' lang='grc' dir='ltr'><strong><em>φοιτίζεσθαι</em></strong></span> 
     </span>
     <span class='ocr_line' id='line_1_3' title="bbox 217 491 1438 566; baseline -0.01 -2"><span class='ocrx_word' id='word_1_18' title='bbox 217 501 354 564; x_wconf 78' lang='lat' dir='ltr'><strong>Clemens</strong></span> <span class='ocrx_word' id='word_1_19' title='bbox 379 501 426 562; x_wconf 89' lang='lat' dir='ltr'><strong>bis</strong></span> <span class='ocrx_word' id='word_1_20' title='bbox 445 497 520 562; x_wconf 89' lang='lat' dir='ltr'><strong>loeis</strong></span> <span class='ocrx_word' id='word_1_21' title='bbox 545 499 589 561; x_wconf 86' lang='lat' dir='ltr'><strong>rel</strong></span> <span class='ocrx_word' id='word_1_22' title='bbox 615 497 760 562; x_wconf 86' lang='lat' dir='ltr'><strong>vocabula</strong></span> <span class='ocrx_word' id='word_1_23' title='bbox 786 493 991 560; x_wconf 80' lang='grc' dir='ltr'><strong><em>τελειοῦσθαι</em></strong></span> <span class='ocrx_word' id='word_1_24' title='bbox 1018 508 1045 560; x_wconf 90' lang='lat' dir='ltr'><strong>st</strong></span> <span class='ocrx_word' id='word_1_25' title='bbox 1070 491 1379 566; x_wconf 79' lang='grc' dir='ltr'><strong><em>ἁποθανατίζεσθαι</em></strong></span> <span class='ocrx_word' id='word_1_26' title='bbox 1405 495 1438 553; x_wconf 89' lang='lat' dir='ltr'><strong>de</strong></span> 
     </span>
     <span class='ocr_line' id='line_1_4' title="bbox 163 579 1440 670; baseline -0.006 -20"><span class='ocrx_word' id='word_1_27' title='bbox 163 593 169 604; x_wconf 82' lang='grc'><em>“</em></span> <span class='ocrx_word' id='word_1_28' title='bbox 217 589 362 670; x_wconf 87' lang='lat' dir='ltr'><strong>baptismo</strong></span> <span class='ocrx_word' id='word_1_29' title='bbox 388 585 573 668; x_wconf 54' lang='lat' dir='ltr'><strong>usurpatssb)</strong></span> <span class='ocrx_word' id='word_1_30' title='bbox 606 605 681 668; x_wconf 84' lang='lat' dir='ltr'><strong>quae</strong></span> <span class='ocrx_word' id='word_1_31' title='bbox 705 585 852 670; x_wconf 78' lang='lat' dir='ltr'><strong>mysteriis</strong></span> <span class='ocrx_word' id='word_1_32' title='bbox 879 581 1042 666; x_wconf 79' lang='lat' dir='ltr'><strong>peculiaria</strong></span> <span class='ocrx_word' id='word_1_33' title='bbox 1066 589 1132 646; x_wconf 86' lang='lat' dir='ltr'><strong>es&#39;se</strong></span> <span class='ocrx_word' id='word_1_34' title='bbox 1157 579 1355 664; x_wconf 77' lang='lat' dir='ltr'><strong>pervagatum</strong></span> <span class='ocrx_word' id='word_1_35' title='bbox 1385 591 1440 642; x_wconf 89' lang='lat' dir='ltr'><strong>cst.</strong></span> 
     </span>
     <span class='ocr_line' id='line_1_5' title="bbox 217 667 1439 758; baseline -0.006 -20"><span class='ocrx_word' id='word_1_36' title='bbox 217 675 357 758; x_wconf 77' lang='lat' dir='ltr'>Sequitur</span> <span class='ocrx_word' id='word_1_37' title='bbox 374 675 537 755; x_wconf 75' lang='lat' dir='ltr'>Origenes,</span> <span class='ocrx_word' id='word_1_38' title='bbox 562 675 682 756; x_wconf 82' lang='lat' dir='ltr'><strong>eeujus</strong></span> <span class='ocrx_word' id='word_1_39' title='bbox 708 673 819 736; x_wconf 87' lang='lat' dir='ltr'><strong>calamo</strong></span> <span class='ocrx_word' id='word_1_40' title='bbox 839 683 954 754; x_wconf 90' lang='lat' dir='ltr'><strong>praeter</strong></span> <span class='ocrx_word' id='word_1_41' title='bbox 977 673 1071 734; x_wconf 89' lang='lat' dir='ltr'><strong>locum</strong></span> <span class='ocrx_word' id='word_1_42' title='bbox 1091 691 1116 734; x_wconf 90' lang='lat' dir='ltr'><strong>c.</strong></span> <span class='ocrx_word' id='word_1_43' title='bbox 1138 671 1238 746; x_wconf 81' lang='lat' dir='ltr'><strong>Cels,</strong></span> <span class='ocrx_word' id='word_1_44' title='bbox 1263 667 1294 742; x_wconf 82' lang='lat'><strong>3,</strong></span> <span class='ocrx_word' id='word_1_45' title='bbox 1311 671 1368 730; x_wconf 77' lang='lat'><strong>59.</strong></span> <span class='ocrx_word' id='word_1_46' title='bbox 1388 669 1439 731; x_wconf 88' lang='grc'><strong>60.</strong></span> 
     </span>
     <span class='ocr_line' id='line_1_6' title="bbox 215 747 1437 844; baseline -0.007 -20"><span class='ocrx_word' id='word_1_47' title='bbox 215 784 248 844; x_wconf 87' lang='lat' dir='ltr'><strong>p.</strong></span> <span class='ocrx_word' id='word_1_48' title='bbox 268 763 333 825; x_wconf 79' lang='lat'><strong>485</strong></span> <span class='ocrx_word' id='word_1_49' title='bbox 350 785 374 825; x_wconf 88' lang='lat' dir='ltr'><strong>s.</strong></span> <span class='ocrx_word' id='word_1_50' title='bbox 395 763 445 824; x_wconf 90' lang='lat' dir='ltr'><strong>nbi</strong></span> <span class='ocrx_word' id='word_1_51' title='bbox 465 770 649 824; x_wconf 88' lang='lat' dir='ltr'><strong>sacramenta</strong></span> <span class='ocrx_word' id='word_1_52' title='bbox 674 760 834 822; x_wconf 85' lang='lat' dir='ltr'><strong>christiana</strong></span> <span class='ocrx_word' id='word_1_53' title='bbox 860 749 915 830; x_wconf 79' lang='grc' dir='ltr'><strong><em>τὰς</em></strong></span> <span class='ocrx_word' id='word_1_54' title='bbox 941 754 1019 842; x_wconf 85' lang='grc' dir='ltr'><strong><em>παρ’</em></strong></span> <span class='ocrx_word' id='word_1_55' title='bbox 1044 755 1120 839; x_wconf 73' lang='grc' dir='ltr'><strong><em>ἡμῖν</em></strong></span> <span class='ocrx_word' id='word_1_56' title='bbox 1145 747 1314 826; x_wconf 79' lang='grc' dir='ltr'><strong><em>τελετὰς</em></strong></span> <span class='ocrx_word' id='word_1_57' title='bbox 1342 767 1437 832; x_wconf 85' lang='lat' dir='ltr'><strong>rorat,</strong></span> 
     </span>
     <span class='ocr_line' id='line_1_7' title="bbox 216 845 1437 930; baseline -0.007 -19"><span class='ocrx_word' id='word_1_58' title='bbox 216 850 313 930; x_wconf 80' lang='lat' dir='ltr'><strong>bigam</strong></span> <span class='ocrx_word' id='word_1_59' title='bbox 340 847 476 912; x_wconf 85' lang='lat' dir='ltr'><strong>locorum¹</strong></span> <span class='ocrx_word' id='word_1_60' title='bbox 492 849 739 910; x_wconf 87' lang='lat' dir='ltr'><strong>nobilissimorum</strong></span> <span class='ocrx_word' id='word_1_61' title='bbox 757 851 792 910; x_wconf 89' lang='lat' dir='ltr'><strong>ad</strong></span> <span class='ocrx_word' id='word_1_62' title='bbox 812 868 931 909; x_wconf 90' lang='lat' dir='ltr'><strong>coenam</strong></span> <span class='ocrx_word' id='word_1_63' title='bbox 949 847 1122 908; x_wconf 79' lang='lat' dir='ltr'><strong>dominicam</strong></span> <span class='ocrx_word' id='word_1_64' title='bbox 1141 845 1338 927; x_wconf 71' lang='lat' dir='ltr'><strong>spectantium</strong></span> <span class='ocrx_word' id='word_1_65' title='bbox 1357 853 1437 904; x_wconf 87' lang='lat' dir='ltr'><strong>retn-</strong></span> 
     </span>
     <span class='ocr_line' id='line_1_8' title="bbox 214 931 1436 1016; baseline -0.005 -19"><span class='ocrx_word' id='word_1_66' title='bbox 214 937 286 998; x_wconf 89' lang='lat' dir='ltr'><strong>lisse</strong></span> <span class='ocrx_word' id='word_1_67' title='bbox 303 935 440 1000; x_wconf 87' lang='lat' dir='ltr'><strong>sufficiat.</strong></span> <span class='ocrx_word' id='word_1_68' title='bbox 474 936 554 998; x_wconf 76' lang='lat' dir='ltr'><strong>Alter</strong></span> <span class='ocrx_word' id='word_1_69' title='bbox 569 935 676 1016; x_wconf 82' lang='lat' dir='ltr'><strong>legitur</strong></span> <span class='ocrx_word' id='word_1_70' title='bbox 692 936 769 997; x_wconf 89' lang='lat' dir='ltr'><strong>hom.</strong></span> <span class='ocrx_word' id='word_1_71' title='bbox 788 937 818 996; x_wconf 82' lang='lat'><strong>9.</strong></span> <span class='ocrx_word' id='word_1_72' title='bbox 834 935 864 994; x_wconf 91' lang='lat' dir='ltr'><strong>io</strong></span> <span class='ocrx_word' id='word_1_73' title='bbox 881 933 1012 1008; x_wconf 67' lang='lat' dir='ltr'><strong>Levitis,</strong></span> <span class='ocrx_word' id='word_1_74' title='bbox 1032 934 1060 1016; x_wconf 66' lang='grc' dir='ltr'><strong>ξ</strong></span> <span class='ocrx_word' id='word_1_75' title='bbox 1078 933 1128 995; x_wconf 89' lang='grc'><strong>10.</strong></span> <span class='ocrx_word' id='word_1_76' title='bbox 1154 956 1182 1012; x_wconf 86' lang='lat' dir='ltr'><strong>p.</strong></span> <span class='ocrx_word' id='word_1_77' title='bbox 1199 933 1263 994; x_wconf 78' lang='lat'><strong>243</strong></span> <span class='ocrx_word' id='word_1_78' title='bbox 1288 933 1335 992; x_wconf 85' lang='lat' dir='ltr'><strong>ed.</strong></span> <span class='ocrx_word' id='word_1_79' title='bbox 1356 935 1392 993; x_wconf 90' lang='lat' dir='ltr'><strong>de</strong></span> <span class='ocrx_word' id='word_1_80' title='bbox 1409 931 1436 991; x_wconf 89' lang='lat' dir='ltr'><strong>la</strong></span> 
     </span>
     <span class='ocr_line' id='line_1_9' title="bbox 214 1019 1434 1104; baseline -0.007 -18"><span class='ocrx_word' id='word_1_81' title='bbox 214 1024 281 1086; x_wconf 87' lang='lat' dir='ltr'><strong>Rue</strong></span> <span class='ocrx_word' id='word_1_82' title='bbox 299 1022 363 1087; x_wconf 80' lang='lat' dir='ltr'><strong>tot.</strong></span> <span class='ocrx_word' id='word_1_83' title='bbox 380 1023 435 1086; x_wconf 86' lang='lat' dir='ltr'><strong>ll.:</strong></span> <span class='ocrx_word' id='word_1_84' title='bbox 459 1024 544 1100; x_wconf 87' lang='lat' dir='ltr'><strong>„Sed</strong></span> <span class='ocrx_word' id='word_1_85' title='bbox 562 1031 611 1098; x_wconf 89' lang='lat' dir='ltr'><strong>tn,</strong></span> <span class='ocrx_word' id='word_1_86' title='bbox 631 1024 680 1104; x_wconf 87' lang='lat' dir='ltr'><strong>qui</strong></span> <span class='ocrx_word' id='word_1_87' title='bbox 699 1025 734 1085; x_wconf 89' lang='lat' dir='ltr'><strong>ad</strong></span> <span class='ocrx_word' id='word_1_88' title='bbox 753 1021 903 1085; x_wconf 82' lang='lat' dir='ltr'><strong>Christum</strong></span> <span class='ocrx_word' id='word_1_89' title='bbox 920 1021 1044 1098; x_wconf 82' lang='lat' dir='ltr'><strong>venisti,</strong></span> <span class='ocrx_word' id='word_1_90' title='bbox 1069 1019 1234 1102; x_wconf 85' lang='lat' dir='ltr'><strong>pontificem</strong></span> <span class='ocrx_word' id='word_1_91' title='bbox 1252 1039 1368 1098; x_wconf 86' lang='lat' dir='ltr'><strong>verum,</strong></span> <span class='ocrx_word' id='word_1_92' title='bbox 1389 1019 1434 1099; x_wconf 83' lang='lat' dir='ltr'><strong>qni</strong></span> 
     </span>
     <span class='ocr_line' id='line_1_10' title="bbox 215 1107 1435 1192; baseline -0.005 -20"><span class='ocrx_word' id='word_1_93' title='bbox 215 1111 363 1192; x_wconf 85' lang='lat' dir='ltr'><strong>sanguine</strong></span> <span class='ocrx_word' id='word_1_94' title='bbox 387 1131 440 1172; x_wconf 91' lang='lat' dir='ltr'><strong>suo</strong></span> <span class='ocrx_word' id='word_1_95' title='bbox 457 1111 551 1171; x_wconf 87' lang='lat' dir='ltr'><strong>Deum</strong></span> <span class='ocrx_word' id='word_1_96' title='bbox 571 1109 621 1171; x_wconf 88' lang='lat' dir='ltr'><strong>tibi</strong></span> <span class='ocrx_word' id='word_1_97' title='bbox 647 1111 802 1191; x_wconf 82' lang='lat' dir='ltr'><strong>propitium</strong></span> <span class='ocrx_word' id='word_1_98' title='bbox 824 1109 912 1183; x_wconf 85' lang='lat' dir='ltr'><strong>lecit,</strong></span> <span class='ocrx_word' id='word_1_99' title='bbox 937 1117 966 1170; x_wconf 93' lang='lat' dir='ltr'><strong>et</strong></span> <span class='ocrx_word' id='word_1_100' title='bbox 988 1107 1188 1170; x_wconf 85' lang='lat' dir='ltr'><strong>reconciliarit</strong></span> <span class='ocrx_word' id='word_1_101' title='bbox 1207 1119 1235 1168; x_wconf 93' lang='lat' dir='ltr'><strong>te</strong></span> <span class='ocrx_word' id='word_1_102' title='bbox 1255 1108 1354 1186; x_wconf 87' lang='lat' dir='ltr'><strong>petri,</strong></span> <span class='ocrx_word' id='word_1_103' title='bbox 1379 1127 1435 1167; x_wconf 90' lang='lat' dir='ltr'><strong>non</strong></span> 
     </span>
     <span class='ocr_line' id='line_1_11' title="bbox 214 1194 1432 1276; baseline -0.004 -18"><span class='ocrx_word' id='word_1_104' title='bbox 214 1197 392 1260; x_wconf 75' lang='lat' dir='ltr'><strong>berecario</strong></span> <span class='ocrx_word' id='word_1_105' title='bbox 417 1195 563 1276; x_wconf 78' lang='lat' dir='ltr'><strong>sanguine</strong></span> <span class='ocrx_word' id='word_1_106' title='bbox 581 1197 688 1272; x_wconf 90' lang='lat' dir='ltr'><strong>carnis,</strong></span> <span class='ocrx_word' id='word_1_107' title='bbox 712 1199 764 1258; x_wconf 89' lang='lat' dir='ltr'><strong>sed</strong></span> <span class='ocrx_word' id='word_1_108' title='bbox 786 1197 866 1257; x_wconf 90' lang='lat' dir='ltr'><strong>disee</strong></span> <span class='ocrx_word' id='word_1_109' title='bbox 890 1195 988 1276; x_wconf 90' lang='lat' dir='ltr'><strong>potius</strong></span> <span class='ocrx_word' id='word_1_110' title='bbox 1004 1195 1178 1276; x_wconf 75' lang='lat' dir='ltr'><strong>sanguinem</strong></span> <span class='ocrx_word' id='word_1_111' title='bbox 1196 1194 1299 1265; x_wconf 81' lang='lat' dir='ltr'><strong>Verbi,</strong></span> <span class='ocrx_word' id='word_1_112' title='bbox 1318 1194 1432 1255; x_wconf 85' lang='lat' dir='ltr'><strong>standi</strong></span> 
     </span>
     <span class='ocr_line' id='line_1_12' title="bbox 214 1281 1432 1366; baseline -0.004 -20"><span class='ocrx_word' id='word_1_113' title='bbox 214 1285 310 1366; x_wconf 91' lang='lat' dir='ltr'><strong>ipsum</strong></span> <span class='ocrx_word' id='word_1_114' title='bbox 327 1283 379 1347; x_wconf 84' lang='lat' dir='ltr'><strong>tibi</strong></span> <span class='ocrx_word' id='word_1_115' title='bbox 396 1284 549 1361; x_wconf 90' lang='lat' dir='ltr'><strong>dicentem,</strong></span> <span class='ocrx_word' id='word_1_116' title='bbox 566 1284 635 1366; x_wconf 89' lang='lat' dir='ltr'><strong>qnia</strong></span> <span class='ocrx_word' id='word_1_117' title='bbox 653 1283 721 1362; x_wconf 87' lang='lat' dir='ltr'><strong>„bic</strong></span> <span class='ocrx_word' id='word_1_118' title='bbox 734 1283 860 1362; x_wconf 85' lang='lat' dir='ltr'><strong>sanguis</strong></span> <span class='ocrx_word' id='word_1_119' title='bbox 873 1303 954 1344; x_wconf 90' lang='lat' dir='ltr'><strong>mens</strong></span> <span class='ocrx_word' id='word_1_120' title='bbox 968 1294 1022 1360; x_wconf 89' lang='lat' dir='ltr'><strong>est,</strong></span> <span class='ocrx_word' id='word_1_121' title='bbox 1040 1283 1088 1364; x_wconf 89' lang='lat' dir='ltr'><strong>qui</strong></span> <span class='ocrx_word' id='word_1_122' title='bbox 1102 1305 1153 1364; x_wconf 95' lang='lat' dir='ltr'><strong>pre</strong></span> <span class='ocrx_word' id='word_1_123' title='bbox 1167 1282 1252 1344; x_wconf 76' lang='lat' dir='ltr'><strong>volsis</strong></span> <span class='ocrx_word' id='word_1_124' title='bbox 1265 1281 1432 1343; x_wconf 81' lang='lat' dir='ltr'><strong>effundetur</strong></span> 
     </span>
     <span class='ocr_line' id='line_1_13' title="bbox 213 1368 1434 1458; baseline -0.003 -26"><span class='ocrx_word' id='word_1_125' title='bbox 213 1371 245 1432; x_wconf 90' lang='lat' dir='ltr'><strong>in</strong></span> <span class='ocrx_word' id='word_1_126' title='bbox 275 1371 477 1434; x_wconf 81' lang='lat' dir='ltr'><strong>remissionem</strong></span> <span class='ocrx_word' id='word_1_127' title='bbox 503 1375 721 1453; x_wconf 84' lang='lat' dir='ltr'><strong>peecatorum.“</strong></span> <span class='ocrx_word' id='word_1_128' title='bbox 764 1377 851 1434; x_wconf 85' lang='lat' dir='ltr'><strong>Novit</strong></span> <span class='ocrx_word' id='word_1_129' title='bbox 882 1378 929 1452; x_wconf 83' lang='lat' dir='ltr'><strong>qui</strong></span> <span class='ocrx_word' id='word_1_130' title='bbox 956 1373 1242 1458; x_wconf 67' lang='grc' dir='ltr'><strong><em>υιμιίιιίιιίιυυιιίυιι</em></strong></span> <span class='ocrx_word' id='word_1_131' title='bbox 1267 1368 1379 1447; x_wconf 77' lang='lat' dir='ltr'><strong>est***)</strong></span> <span class='ocrx_word' id='word_1_132' title='bbox 1407 1379 1434 1428; x_wconf 89' lang='lat' dir='ltr'><strong>et</strong></span> 
     </span>
     <span class='ocr_line' id='line_1_14' title="bbox 212 1461 1433 1539; baseline -0.003 -19"><span class='ocrx_word' id='word_1_133' title='bbox 212 1481 325 1522; x_wconf 86' lang='lat' dir='ltr'><strong>curnem</strong></span> <span class='ocrx_word' id='word_1_134' title='bbox 352 1471 377 1521; x_wconf 89' lang='lat' dir='ltr'><strong>et</strong></span> <span class='ocrx_word' id='word_1_135' title='bbox 400 1466 563 1539; x_wconf 78' lang='lat' dir='ltr'><strong>suuperinem</strong></span> <span class='ocrx_word' id='word_1_136' title='bbox 586 1461 660 1522; x_wconf 86' lang='lat' dir='ltr'><strong>uerbi</strong></span> <span class='ocrx_word' id='word_1_137' title='bbox 686 1465 748 1520; x_wconf 84' lang='lat' dir='ltr'><strong>Dei.</strong></span> <span class='ocrx_word' id='word_1_138' title='bbox 790 1465 857 1519; x_wconf 85' lang='lat' dir='ltr'><strong>Non</strong></span> <span class='ocrx_word' id='word_1_139' title='bbox 881 1480 943 1538; x_wconf 80' lang='lat' dir='ltr'><strong>erpo</strong></span> <span class='ocrx_word' id='word_1_140' title='bbox 969 1466 1144 1520; x_wconf 83' lang='lat' dir='ltr'><strong>immoremur</strong></span> <span class='ocrx_word' id='word_1_141' title='bbox 1160 1463 1196 1526; x_wconf 66' lang='lat' dir='ltr'><strong>„iu</strong></span> <span class='ocrx_word' id='word_1_142' title='bbox 1220 1461 1283 1532; x_wconf 84' lang='lat' dir='ltr'><strong>bio,</strong></span> <span class='ocrx_word' id='word_1_143' title='bbox 1311 1479 1385 1538; x_wconf 80' lang='grc' dir='ltr'><strong><em>ιμιαι</em></strong></span> <span class='ocrx_word' id='word_1_144' title='bbox 1409 1467 1433 1516; x_wconf 90' lang='lat' dir='ltr'><strong>et</strong></span> 
     </span>
     <span class='ocr_line' id='line_1_15' title="bbox 213 1543 1434 1627; baseline -0.003 -19"><span class='ocrx_word' id='word_1_145' title='bbox 213 1551 360 1608; x_wconf 72' lang='lat' dir='ltr'><strong>scientibus</strong></span> <span class='ocrx_word' id='word_1_146' title='bbox 382 1557 448 1608; x_wconf 86' lang='lat' dir='ltr'><strong>eote</strong></span> <span class='ocrx_word' id='word_1_147' title='bbox 471 1558 536 1608; x_wconf 83' lang='lat' dir='ltr'><strong>erent</strong></span> <span class='ocrx_word' id='word_1_148' title='bbox 565 1557 590 1607; x_wconf 90' lang='lat' dir='ltr'><strong>et</strong></span> <span class='ocrx_word' id='word_1_149' title='bbox 611 1547 801 1626; x_wconf 65' lang='lat' dir='ltr'><strong>ignorantibus</strong></span> <span class='ocrx_word' id='word_1_150' title='bbox 818 1555 912 1624; x_wconf 86' lang='lat' dir='ltr'><strong>potere</strong></span> <span class='ocrx_word' id='word_1_151' title='bbox 932 1544 988 1608; x_wconf 80' lang='lat' dir='ltr'><strong>uon</strong></span> <span class='ocrx_word' id='word_1_152' title='bbox 1004 1551 1151 1627; x_wconf 85' lang='lat' dir='ltr'><strong>possent.“</strong></span> <span class='ocrx_word' id='word_1_153' title='bbox 1184 1543 1267 1606; x_wconf 80' lang='lat' dir='ltr'><strong>Alter</strong></span> <span class='ocrx_word' id='word_1_154' title='bbox 1282 1545 1365 1607; x_wconf 87' lang='lat' dir='ltr'><strong>hem.</strong></span> <span class='ocrx_word' id='word_1_155' title='bbox 1387 1545 1434 1606; x_wconf 88' lang='lat'><strong>13.</strong></span> 
     </span>
     <span class='ocr_line' id='line_1_16' title="bbox 212 1629 1434 1716; baseline 0 -24"><span class='ocrx_word' id='word_1_156' title='bbox 212 1631 244 1694; x_wconf 89' lang='lat' dir='ltr'><strong>in</strong></span> <span class='ocrx_word' id='word_1_157' title='bbox 261 1633 366 1709; x_wconf 72' lang='lat' dir='ltr'><strong>Exod,</strong></span> <span class='ocrx_word' id='word_1_158' title='bbox 385 1633 412 1716; x_wconf 59' lang='grc' dir='ltr'><strong>ᾗ.</strong></span> <span class='ocrx_word' id='word_1_159' title='bbox 431 1635 460 1696; x_wconf 90' lang='grc'><strong>3.</strong></span> <span class='ocrx_word' id='word_1_160' title='bbox 481 1655 509 1713; x_wconf 91' lang='lat' dir='ltr'><strong>p.</strong></span> <span class='ocrx_word' id='word_1_161' title='bbox 529 1629 618 1696; x_wconf 65' lang='lat' dir='ltr'><strong>lim:</strong></span> <span class='ocrx_word' id='word_1_162' title='bbox 644 1633 926 1714; x_wconf 80' lang='lat' dir='ltr'><strong>„„Uousquisque“</strong></span> <span class='ocrx_word' id='word_1_163' title='bbox 946 1654 1017 1713; x_wconf 80' lang='lat' dir='ltr'><strong>ergo</strong></span> <span class='ocrx_word' id='word_1_164' title='bbox 1042 1633 1143 1710; x_wconf 84' lang='lat' dir='ltr'><strong>„sieut</strong></span> <span class='ocrx_word' id='word_1_165' title='bbox 1159 1632 1296 1711; x_wconf 80' lang='lat' dir='ltr'><strong>concepit</strong></span> <span class='ocrx_word' id='word_1_166' title='bbox 1313 1635 1434 1694; x_wconf 86' lang='lat' dir='ltr'><strong>eorde.“</strong></span> 
     </span>
     <span class='ocr_line' id='line_1_17' title="bbox 213 1719 1435 1801; baseline -0.004 -16"><span class='ocrx_word' id='word_1_167' title='bbox 213 1719 315 1785; x_wconf 87' lang='lat' dir='ltr'><strong>llidete</strong></span> <span class='ocrx_word' id='word_1_168' title='bbox 332 1721 357 1782; x_wconf 90' lang='lat' dir='ltr'><strong>si</strong></span> <span class='ocrx_word' id='word_1_169' title='bbox 375 1720 544 1801; x_wconf 84' lang='lat' dir='ltr'><strong>concipitis,</strong></span> <span class='ocrx_word' id='word_1_170' title='bbox 566 1721 659 1783; x_wconf 85' lang='lat' dir='ltr'><strong>videte</strong></span> <span class='ocrx_word' id='word_1_171' title='bbox 677 1721 702 1783; x_wconf 90' lang='lat' dir='ltr'><strong>si</strong></span> <span class='ocrx_word' id='word_1_172' title='bbox 720 1720 844 1795; x_wconf 87' lang='lat' dir='ltr'><strong>tenetis,</strong></span> <span class='ocrx_word' id='word_1_173' title='bbox 863 1741 900 1781; x_wconf 91' lang='lat' dir='ltr'><strong>ne</strong></span> <span class='ocrx_word' id='word_1_174' title='bbox 919 1720 993 1782; x_wconf 86' lang='lat' dir='ltr'><strong>lorte</strong></span> <span class='ocrx_word' id='word_1_175' title='bbox 1011 1719 1133 1782; x_wconf 84' lang='lat' dir='ltr'><strong>allinunt</strong></span> <span class='ocrx_word' id='word_1_176' title='bbox 1150 1739 1225 1801; x_wconf 84' lang='lat' dir='ltr'><strong>quoe</strong></span> <span class='ocrx_word' id='word_1_177' title='bbox 1242 1720 1386 1782; x_wconf 87' lang='lat' dir='ltr'><strong>dicuntur</strong></span> <span class='ocrx_word' id='word_1_178' title='bbox 1409 1729 1435 1780; x_wconf 89' lang='lat' dir='ltr'><strong>et</strong></span> 
     </span>
     <span class='ocr_line' id='line_1_18' title="bbox 212 1805 1434 1890; baseline -0.002 -21"><span class='ocrx_word' id='word_1_179' title='bbox 212 1818 344 1890; x_wconf 86' lang='lat' dir='ltr'><strong>pereant.</strong></span> <span class='ocrx_word' id='word_1_180' title='bbox 381 1805 456 1872; x_wconf 88' lang='lat' dir='ltr'><strong>llolo</strong></span> <span class='ocrx_word' id='word_1_181' title='bbox 482 1829 534 1869; x_wconf 87' lang='lat' dir='ltr'><strong>vos</strong></span> <span class='ocrx_word' id='word_1_182' title='bbox 566 1811 722 1870; x_wconf 86' lang='lat' dir='ltr'><strong>admonere</strong></span> <span class='ocrx_word' id='word_1_183' title='bbox 745 1805 901 1886; x_wconf 76' lang='lat' dir='ltr'><strong>roligionis</strong></span> <span class='ocrx_word' id='word_1_184' title='bbox 925 1819 1041 1870; x_wconf 88' lang='lat' dir='ltr'><strong>vestras</strong></span> <span class='ocrx_word' id='word_1_185' title='bbox 1066 1806 1217 1886; x_wconf 85' lang='lat' dir='ltr'><strong>exemplis.</strong></span> <span class='ocrx_word' id='word_1_186' title='bbox 1258 1813 1364 1870; x_wconf 83' lang='lat' dir='ltr'><strong>Nostis</strong></span> <span class='ocrx_word' id='word_1_187' title='bbox 1388 1813 1434 1886; x_wconf 82' lang='lat' dir='ltr'><strong>qui</strong></span> 
     </span>
     <span class='ocr_line' id='line_1_19' title="bbox 212 1893 1432 1975; baseline -0.001 -19"><span class='ocrx_word' id='word_1_188' title='bbox 212 1897 316 1957; x_wconf 85' lang='lat' dir='ltr'><strong>diuinis</strong></span> <span class='ocrx_word' id='word_1_189' title='bbox 333 1902 470 1970; x_wconf 74' lang='lat' dir='ltr'><strong>mysteriis</strong></span> <span class='ocrx_word' id='word_1_190' title='bbox 488 1901 618 1957; x_wconf 85' lang='lat' dir='ltr'><strong>iertsrssse</strong></span> <span class='ocrx_word' id='word_1_191' title='bbox 634 1901 793 1970; x_wconf 82' lang='lat' dir='ltr'><strong>consuestis,</strong></span> <span class='ocrx_word' id='word_1_192' title='bbox 813 1894 966 1975; x_wconf 89' lang='lat' dir='ltr'><strong>quomodo,</strong></span> <span class='ocrx_word' id='word_1_193' title='bbox 986 1916 1051 1956; x_wconf 89' lang='lat' dir='ltr'><strong>oum</strong></span> <span class='ocrx_word' id='word_1_194' title='bbox 1069 1893 1221 1974; x_wconf 87' lang='lat' dir='ltr'><strong>suscipitis</strong></span> <span class='ocrx_word' id='word_1_195' title='bbox 1235 1907 1351 1975; x_wconf 80' lang='lat' dir='ltr'><strong>&#39;corpus</strong></span> <span class='ocrx_word' id='word_1_196' title='bbox 1368 1895 1432 1956; x_wconf 91' lang='lat' dir='ltr'><strong>Do-</strong></span> 
     </span>
     <span class='ocr_line' id='line_1_20' title="bbox 186 1980 1433 2062; baseline -0.001 -20"><span class='ocrx_word' id='word_1_197' title='bbox 186 1980 301 2056; x_wconf 85' lang='lat' dir='ltr'><strong>·nrini,</strong></span> <span class='ocrx_word' id='word_1_198' title='bbox 325 2003 389 2042; x_wconf 88' lang='lat' dir='ltr'><strong>curn</strong></span> <span class='ocrx_word' id='word_1_199' title='bbox 415 1981 491 2041; x_wconf 91' lang='lat' dir='ltr'><strong>omni</strong></span> <span class='ocrx_word' id='word_1_200' title='bbox 512 1982 628 2043; x_wconf 88' lang='lat' dir='ltr'><strong>cautela</strong></span> <span class='ocrx_word' id='word_1_201' title='bbox 651 1994 678 2044; x_wconf 87' lang='lat' dir='ltr'><strong>et</strong></span> <span class='ocrx_word' id='word_1_202' title='bbox 702 1981 889 2044; x_wconf 81' lang='lat' dir='ltr'><strong>veneratione</strong></span> <span class='ocrx_word' id='word_1_203' title='bbox 904 1982 1048 2060; x_wconf 89' lang='lat' dir='ltr'><strong>serratis,</strong></span> <span class='ocrx_word' id='word_1_204' title='bbox 1074 2003 1110 2044; x_wconf 92' lang='lat' dir='ltr'><strong>ue</strong></span> <span class='ocrx_word' id='word_1_205' title='bbox 1130 2003 1166 2044; x_wconf 87' lang='lat' dir='ltr'><strong>ex</strong></span> <span class='ocrx_word' id='word_1_206' title='bbox 1185 2003 1219 2044; x_wconf 92' lang='lat' dir='ltr'><strong>ee</strong></span> <span class='ocrx_word' id='word_1_207' title='bbox 1236 2001 1343 2062; x_wconf 87' lang='lat' dir='ltr'><strong>parurn</strong></span> <span class='ocrx_word' id='word_1_208' title='bbox 1363 1982 1433 2062; x_wconf 85' lang='lat' dir='ltr'><strong>qnid</strong></span> 
     </span>
     <span class='ocr_line' id='line_1_21' title="bbox 213 2065 1433 2152; baseline 0.002 -26"><span class='ocrx_word' id='word_1_209' title='bbox 213 2067 338 2152; x_wconf 80' lang='lat' dir='ltr'><strong>decidat,</strong></span> <span class='ocrx_word' id='word_1_210' title='bbox 354 2088 390 2126; x_wconf 92' lang='lat' dir='ltr'><strong>ne</strong></span> <span class='ocrx_word' id='word_1_211' title='bbox 409 2067 571 2127; x_wconf 88' lang='lat' dir='ltr'><strong>consecrati</strong></span> <span class='ocrx_word' id='word_1_212' title='bbox 590 2069 719 2128; x_wconf 89' lang='lat' dir='ltr'><strong>rnunoris</strong></span> <span class='ocrx_word' id='word_1_213' title='bbox 734 2068 845 2150; x_wconf 89' lang='lat' dir='ltr'><strong>aliquid</strong></span> <span class='ocrx_word' id='word_1_214' title='bbox 863 2065 1018 2132; x_wconf 85' lang='lat' dir='ltr'><strong>dilabatur.</strong></span> <span class='ocrx_word' id='word_1_215' title='bbox 1044 2069 1126 2130; x_wconf 84' lang='lat' dir='ltr'><strong>Reos</strong></span> <span class='ocrx_word' id='word_1_216' title='bbox 1140 2069 1215 2130; x_wconf 90' lang='lat' dir='ltr'><strong>enim</strong></span> <span class='ocrx_word' id='word_1_217' title='bbox 1229 2089 1282 2130; x_wconf 88' lang='lat' dir='ltr'><strong>vus</strong></span> <span class='ocrx_word' id='word_1_218' title='bbox 1299 2070 1433 2142; x_wconf 88' lang='lat' dir='ltr'><strong>creditis,</strong></span> 
     </span>
     <span class='ocr_line' id='line_1_22' title="bbox 213 2151 1432 2238; baseline 0.002 -25"><span class='ocrx_word' id='word_1_219' title='bbox 213 2153 239 2213; x_wconf 91' lang='lat' dir='ltr'><strong>si</strong></span> <span class='ocrx_word' id='word_1_220' title='bbox 264 2153 332 2234; x_wconf 87' lang='lat' dir='ltr'><strong>quid</strong></span> <span class='ocrx_word' id='word_1_221' title='bbox 356 2153 425 2215; x_wconf 91' lang='lat' dir='ltr'><strong>iude</strong></span> <span class='ocrx_word' id='word_1_222' title='bbox 449 2173 502 2234; x_wconf 88' lang='lat' dir='ltr'><strong>per</strong></span> <span class='ocrx_word' id='word_1_223' title='bbox 526 2151 735 2232; x_wconf 82' lang='lat' dir='ltr'><strong>negligentiam</strong></span> <span class='ocrx_word' id='word_1_224' title='bbox 755 2157 879 2217; x_wconf 89' lang='lat' dir='ltr'><strong>decidat.</strong></span> <span class='ocrx_word' id='word_1_225' title='bbox 914 2156 1025 2232; x_wconf 80' lang='lat' dir='ltr'><strong>Quodsi</strong></span> <span class='ocrx_word' id='word_1_226' title='bbox 1046 2155 1125 2218; x_wconf 85' lang='lat' dir='ltr'><strong>eirca</strong></span> <span class='ocrx_word' id='word_1_227' title='bbox 1144 2177 1251 2236; x_wconf 89' lang='lat' dir='ltr'><strong>eorpus</strong></span> <span class='ocrx_word' id='word_1_228' title='bbox 1271 2157 1338 2238; x_wconf 88' lang='lat' dir='ltr'><strong>ejus</strong></span> <span class='ocrx_word' id='word_1_229' title='bbox 1359 2177 1432 2217; x_wconf 87' lang='lat' dir='ltr'><strong>eorr-</strong></span> 
     </span>
     <span class='ocr_line' id='line_1_23' title="bbox 213 2239 1431 2324; baseline 0.002 -24"><span class='ocrx_word' id='word_1_230' title='bbox 213 2242 390 2302; x_wconf 86' lang='lat' dir='ltr'><strong>rervandum</strong></span> <span class='ocrx_word' id='word_1_231' title='bbox 417 2249 496 2302; x_wconf 85' lang='lat' dir='ltr'><strong>tauta</strong></span> <span class='ocrx_word' id='word_1_232' title='bbox 514 2239 627 2305; x_wconf 90' lang='lat' dir='ltr'><strong>utimini</strong></span> <span class='ocrx_word' id='word_1_233' title='bbox 653 2241 784 2318; x_wconf 89' lang='lat' dir='ltr'><strong>cautela,</strong></span> <span class='ocrx_word' id='word_1_234' title='bbox 811 2249 839 2304; x_wconf 93' lang='lat' dir='ltr'><strong>et</strong></span> <span class='ocrx_word' id='word_1_235' title='bbox 864 2243 966 2306; x_wconf 89' lang='lat' dir='ltr'><strong>merito</strong></span> <span class='ocrx_word' id='word_1_236' title='bbox 990 2242 1120 2304; x_wconf 88' lang='lat' dir='ltr'><strong>ntirnini:</strong></span> <span class='ocrx_word' id='word_1_237' title='bbox 1148 2246 1294 2324; x_wconf 87' lang='lat' dir='ltr'><strong>quomodo</strong></span> <span class='ocrx_word' id='word_1_238' title='bbox 1319 2246 1431 2324; x_wconf 87' lang='lat' dir='ltr'><strong>putatis</strong></span> 
     </span>
     <span class='ocr_line' id='line_1_24' title="bbox 212 2327 1429 2412; baseline 0.002 -24"><span class='ocrx_word' id='word_1_239' title='bbox 212 2327 334 2388; x_wconf 88' lang='lat' dir='ltr'><strong>minoris</strong></span> <span class='ocrx_word' id='word_1_240' title='bbox 352 2347 419 2390; x_wconf 87' lang='lat' dir='ltr'><strong>esse</strong></span> <span class='ocrx_word' id='word_1_241' title='bbox 437 2327 557 2408; x_wconf 87' lang='lat' dir='ltr'><strong>piaculi,</strong></span> <span class='ocrx_word' id='word_1_242' title='bbox 581 2329 700 2390; x_wconf 83' lang='lat' dir='ltr'><strong>verbum</strong></span> <span class='ocrx_word' id='word_1_243' title='bbox 718 2329 774 2390; x_wconf 90' lang='lat' dir='ltr'><strong>Dei</strong></span> <span class='ocrx_word' id='word_1_244' title='bbox 794 2329 964 2410; x_wconf 77' lang='lat' dir='ltr'><strong>neglexisse</strong></span> <span class='ocrx_word' id='word_1_245' title='bbox 982 2351 1067 2412; x_wconf 90' lang='lat' dir='ltr'><strong>quam</strong></span> <span class='ocrx_word' id='word_1_246' title='bbox 1087 2351 1195 2410; x_wconf 88' lang='lat' dir='ltr'><strong>eorpus</strong></span> <span class='ocrx_word' id='word_1_247' title='bbox 1212 2332 1333 2412; x_wconf 76' lang='lat' dir='ltr'><strong>ejesi“</strong></span> <span class='ocrx_word' id='word_1_248' title='bbox 1365 2331 1429 2393; x_wconf 89' lang='lat' dir='ltr'><strong>Nec</strong></span> 
     </span>
     <span class='ocr_line' id='line_1_25' title="bbox 213 2415 1426 2499; baseline 0.005 -23"><span class='ocrx_word' id='word_1_249' title='bbox 213 2415 338 2495; x_wconf 86' lang='lat' dir='ltr'><strong>denique</strong></span> <span class='ocrx_word' id='word_1_250' title='bbox 354 2415 534 2495; x_wconf 71' lang='lat' dir='ltr'><strong>antiquiores</strong></span> <span class='ocrx_word' id='word_1_251' title='bbox 547 2415 794 2480; x_wconf 76' lang='lat' dir='ltr'><strong>constitutionum</strong></span> <span class='ocrx_word' id='word_1_252' title='bbox 807 2415 1042 2499; x_wconf 84' lang='lat' dir='ltr'><strong>Apostolicorum</strong></span> <span class='ocrx_word' id='word_1_253' title='bbox 1060 2417 1126 2478; x_wconf 86' lang='lat' dir='ltr'><strong>libri</strong></span> <span class='ocrx_word' id='word_1_254' title='bbox 1143 2417 1191 2479; x_wconf 90' lang='lat' dir='ltr'><strong>hic</strong></span> <span class='ocrx_word' id='word_1_255' title='bbox 1206 2428 1277 2479; x_wconf 90' lang='lat' dir='ltr'><strong>sunt</strong></span> <span class='ocrx_word' id='word_1_256' title='bbox 1294 2427 1426 2498; x_wconf 84' lang='lat' dir='ltr'><strong>praeter·</strong></span> 
     </span>
     <span class='ocr_line' id='line_1_26' title="bbox 134 2501 1427 2584; baseline 0.002 -24"><span class='ocrx_word' id='word_1_257' title='bbox 134 2545 136 2554; x_wconf 73' lang='lat'>‚</span> <span class='ocrx_word' id='word_1_258' title='bbox 213 2501 353 2562; x_wconf 85' lang='lat' dir='ltr'><strong>mittendi.</strong></span> <span class='ocrx_word' id='word_1_259' title='bbox 390 2503 453 2562; x_wconf 88' lang='lat' dir='ltr'><strong>lam</strong></span> <span class='ocrx_word' id='word_1_260' title='bbox 477 2502 542 2580; x_wconf 88' lang='lat' dir='ltr'><strong>ipsu</strong></span> <span class='ocrx_word' id='word_1_261' title='bbox 564 2503 712 2582; x_wconf 86' lang='lat' dir='ltr'><strong>antiquior</strong></span> <span class='ocrx_word' id='word_1_262' title='bbox 738 2503 859 2584; x_wconf 77' lang='lat' dir='ltr'><strong>liturgia</strong></span> <span class='ocrx_word' id='word_1_263' title='bbox 883 2526 982 2568; x_wconf 79' lang='lat' dir='ltr'><strong>ererum</strong></span> <span class='ocrx_word' id='word_1_264' title='bbox 1008 2503 1057 2584; x_wconf 78' lang='lat'><strong>(²,</strong></span> <span class='ocrx_word' id='word_1_265' title='bbox 1077 2507 1143 2583; x_wconf 78' lang='lat'><strong>57.)</strong></span> <span class='ocrx_word' id='word_1_266' title='bbox 1172 2504 1282 2567; x_wconf 83' lang='lat' dir='ltr'><strong>diserte</strong></span> <span class='ocrx_word' id='word_1_267' title='bbox 1308 2505 1427 2566; x_wconf 82' lang='lat' dir='ltr'><strong>definit:</strong></span> 
     </span>
    </p>
   </div>
   <div class='ocr_carea' id='block_1_3' title="bbox 211 2579 1446 2675">
    <p class='ocr_par' dir='ltr' id='par_1_3' title="bbox 211 2579 1446 2675">
     <span class='ocr_line' id='line_1_27' title="bbox 211 2579 1446 2675; baseline 0.013 -29"><span class='ocrx_word' id='word_1_268' title='bbox 211 2581 483 2658; x_wconf 73' lang='grc' dir='ltr'><strong><em>φυλαττέσθωσαν</em></strong></span> <span class='ocrx_word' id='word_1_269' title='bbox 499 2581 534 2647; x_wconf 77' lang='grc' dir='ltr'><strong>δὲ</strong></span> <span class='ocrx_word' id='word_1_270' title='bbox 552 2589 586 2650; x_wconf 79' lang='grc' dir='ltr'><strong><em>αἱ</em></strong></span> <span class='ocrx_word' id='word_1_271' title='bbox 603 2579 705 2672; x_wconf 79' lang='grc' dir='ltr'><strong><em>θύραι</em></strong></span> <span class='ocrx_word' id='word_1_272' title='bbox 729 2591 800 2670; x_wconf 88' lang='lat' dir='ltr'><strong>(sol.</strong></span> <span class='ocrx_word' id='word_1_273' title='bbox 816 2592 892 2653; x_wconf 90' lang='lat' dir='ltr'><strong>iuter</strong></span> <span class='ocrx_word' id='word_1_274' title='bbox 907 2592 1101 2655; x_wconf 88' lang='lat' dir='ltr'><strong>eucharistiae</strong></span> <span class='ocrx_word' id='word_1_275' title='bbox 1117 2589 1288 2675; x_wconf 88' lang='lat' dir='ltr'><strong>solemnia),</strong></span> <span class='ocrx_word' id='word_1_276' title='bbox 1314 2583 1359 2671; x_wconf 76' lang='grc' dir='ltr'><strong>μή</strong></span> <span class='ocrx_word' id='word_1_277' title='bbox 1381 2613 1428 2661; x_wconf 79' lang='grc' dir='ltr'><strong>τις</strong></span> <span class='ocrx_word' id='word_1_278' title='bbox 1445 2657 1446 2669; x_wconf 69' lang='grc'><strong><em>,</em></strong></span> 
     </span>
    </p>
   </div>
   <div class='ocr_carea' id='block_1_4' title="bbox 210 2663 1430 2759">
    <p class='ocr_par' dir='ltr' id='par_1_4' title="bbox 210 2663 1430 2759">
     <span class='ocr_line' id='line_1_28' title="bbox 210 2663 1430 2759; baseline 0.004 -28"><span class='ocrx_word' id='word_1_279' title='bbox 210 2663 342 2743; x_wconf 82' lang='grc' dir='ltr'><strong><em>ὶίττιστος</em></strong></span> <span class='ocrx_word' id='word_1_280' title='bbox 360 2664 540 2752; x_wconf 65' lang='grc' dir='ltr'><strong><em>εἰσέλθοιτ’)</em></strong></span> <span class='ocrx_word' id='word_1_281' title='bbox 559 2664 753 2755; x_wconf 68' lang='lat' dir='ltr'><strong>duriores·</strong></span> <span class='ocrx_word' id='word_1_282' title='bbox 772 2713 817 2725; x_wconf 83' lang='lat'><strong>-</strong></span> <span class='ocrx_word' id='word_1_283' title='bbox 835 2690 863 2740; x_wconf 92' lang='lat' dir='ltr'><strong>et</strong></span> <span class='ocrx_word' id='word_1_284' title='bbox 879 2677 909 2751; x_wconf 81' lang='lat' dir='ltr'><strong>b,</strong></span> <span class='ocrx_word' id='word_1_285' title='bbox 928 2682 977 2744; x_wconf 85' lang='lat'><strong>15.</strong></span> <span class='ocrx_word' id='word_1_286' title='bbox 994 2681 1068 2742; x_wconf 87' lang='lat' dir='ltr'><strong>baec</strong></span> <span class='ocrx_word' id='word_1_287' title='bbox 1083 2678 1241 2759; x_wconf 75' lang='lat' dir='ltr'><strong>leguntur:</strong></span> <span class='ocrx_word' id='word_1_288' title='bbox 1263 2671 1349 2740; x_wconf 83' lang='grc' dir='ltr'><strong><em>θύτε</em></strong></span> <span class='ocrx_word' id='word_1_289' title='bbox 1364 2672 1430 2758; x_wconf 77' lang='grc' dir='ltr'><strong><em>μὴν</em></strong></span> 
     </span>
    </p>
   </div>
   <div class='ocr_carea' id='block_1_5' title="bbox 207 2753 1445 3108">
    <p class='ocr_par' dir='ltr' id='par_1_5' title="bbox 207 2753 1445 3108">
     <span class='ocr_line' id='line_1_29' title="bbox 210 2753 1445 2846; baseline 0.004 -28"><span class='ocrx_word' id='word_1_290' title='bbox 210 2757 240 2818; x_wconf 82' lang='lat' dir='ltr'><strong>oi</strong></span> <span class='ocrx_word' id='word_1_291' title='bbox 254 2757 488 2840; x_wconf 75' lang='grc' dir='ltr'><strong><em>βαπτισθέντες</em></strong></span> <span class='ocrx_word' id='word_1_292' title='bbox 504 2755 563 2822; x_wconf 73' lang='grc' dir='ltr'><strong><em>ὑπ’</em></strong></span> <span class='ocrx_word' id='word_1_293' title='bbox 583 2757 687 2823; x_wconf 79' lang='grc' dir='ltr'><strong><em>αὐτῶν</em></strong></span> <span class='ocrx_word' id='word_1_294' title='bbox 710 2765 780 2842; x_wconf 87' lang='lat' dir='ltr'><strong>(sel.</strong></span> <span class='ocrx_word' id='word_1_295' title='bbox 796 2763 860 2826; x_wconf 78' lang='lat' dir='ltr'><strong>reio</strong></span> <span class='ocrx_word' id='word_1_296' title='bbox 874 2765 1047 2845; x_wconf 81' lang='lat' dir='ltr'><strong>uipereeoie)</strong></span> <span class='ocrx_word' id='word_1_297' title='bbox 1069 2755 1319 2846; x_wconf 78' lang='grc' dir='ltr'><strong><em>μεμύηνται,</em></strong></span> <span class='ocrx_word' id='word_1_298' title='bbox 1345 2753 1428 2823; x_wconf 76' lang='grc' dir='ltr'><strong>ἀλλὰ</strong></span> <span class='ocrx_word' id='word_1_299' title='bbox 1444 2771 1445 2785; x_wconf 61' lang='lat'>*</span> 
     </span>
     <span class='ocr_line' id='line_1_30' title="bbox 207 2838 1444 2938; baseline 0.002 -32"><span class='ocrx_word' id='word_1_300' title='bbox 207 2840 432 2924; x_wconf 78' lang='grc' dir='ltr'><strong><em>μεμολυσμένα</em></strong></span> <span class='ocrx_word' id='word_1_301' title='bbox 455 2841 657 2930; x_wconf 84' lang='grc' dir='ltr'><strong><em>ὑπάρχουσιν,</em></strong></span> <span class='ocrx_word' id='word_1_302' title='bbox 684 2846 740 2912; x_wconf 79' lang='grc' dir='ltr'><strong>οὐκ</strong></span> <span class='ocrx_word' id='word_1_303' title='bbox 762 2843 874 2928; x_wconf 77' lang='grc' dir='ltr'><strong><em>ιἰίφοσιν</em></strong></span> <span class='ocrx_word' id='word_1_304' title='bbox 899 2849 1056 2938; x_wconf 77' lang='grc' dir='ltr'><strong><em>ἁμαρτιῶν</em></strong></span> <span class='ocrx_word' id='word_1_305' title='bbox 1081 2843 1308 2936; x_wconf 80' lang='grc' dir='ltr'><strong><em>λαμβάνοντες,</em></strong></span> <span class='ocrx_word' id='word_1_306' title='bbox 1345 2838 1444 2910; x_wconf 48' lang='grc' dir='ltr'><strong>ἀλλὰ.</strong></span> 
     </span>
     <span class='ocr_line' id='line_1_31' title="bbox 209 2919 1443 3020; baseline 0.008 -32"><span class='ocrx_word' id='word_1_307' title='bbox 209 2919 324 3006; x_wconf 82' lang='grc' dir='ltr'><strong><em>δεσμὸν</em></strong></span> <span class='ocrx_word' id='word_1_308' title='bbox 347 2929 502 3014; x_wconf 80' lang='grc' dir='ltr'><strong><em>ἀσεβείας.</em></strong></span> <span class='ocrx_word' id='word_1_309' title='bbox 539 2929 586 2994; x_wconf 79' lang='lat' dir='ltr'><strong>ob</strong></span> <span class='ocrx_word' id='word_1_310' title='bbox 609 2927 672 3015; x_wconf 74' lang='grc' dir='ltr'><strong><em>μὴν</em></strong></span> <span class='ocrx_word' id='word_1_311' title='bbox 689 2930 723 2998; x_wconf 79' lang='grc' dir='ltr'><strong>δὲ</strong></span> <span class='ocrx_word' id='word_1_312' title='bbox 742 2939 791 2999; x_wconf 81' lang='grc' dir='ltr'><strong><em>καὶ</em></strong></span> <span class='ocrx_word' id='word_1_313' title='bbox 810 2927 885 3020; x_wconf 81' lang='grc' dir='ltr'><strong><em>τούς</em></strong></span> <span class='ocrx_word' id='word_1_314' title='bbox 910 2939 1194 3020; x_wconf 79' lang='grc' dir='ltr'><strong><em>μεμυημένους</em></strong></span> <span class='ocrx_word' id='word_1_315' title='bbox 1216 2937 1248 2999; x_wconf 74' lang='lat' dir='ltr'><strong>Za</strong></span> <span class='ocrx_word' id='word_1_316' title='bbox 1269 2929 1443 3019; x_wconf 47' lang='grc' dir='ltr'><strong><em>δευτέρου,</em></strong></span> 
     </span>
     <span class='ocr_line' id='line_1_32' title="bbox 207 3013 1427 3108; baseline 0.007 -31"><span class='ocrx_word' id='word_1_317' title='bbox 207 3014 370 3098; x_wconf 73' lang='grc' dir='ltr'><strong><em>βαπτίζειν</em></strong></span> <span class='ocrx_word' id='word_1_318' title='bbox 398 3015 583 3099; x_wconf 85' lang='grc' dir='ltr'><strong><em>πειρώμενοι</em></strong></span> <span class='ocrx_word' id='word_1_319' title='bbox 615 3017 844 3108; x_wconf 76' lang='grc' dir='ltr'><strong><em>ἀνασταυροῦσι</em></strong></span> <span class='ocrx_word' id='word_1_320' title='bbox 874 3013 930 3087; x_wconf 82' lang='grc' dir='ltr'><strong>τὸν</strong></span> <span class='ocrx_word' id='word_1_321' title='bbox 952 3018 1073 3108; x_wconf 81' lang='grc' dir='ltr'><strong><em>Κύριον</em></strong></span> <span class='ocrx_word' id='word_1_322' title='bbox 1100 3023 1211 3105; x_wconf 53' lang='grc' dir='ltr'><strong><em>κείαν)</em></strong></span> <span class='ocrx_word' id='word_1_323' title='bbox 1250 3023 1289 3088; x_wconf 87' lang='lat' dir='ltr'><strong>Ut</strong></span> <span class='ocrx_word' id='word_1_324' title='bbox 1316 3025 1427 3106; x_wconf 85' lang='lat' dir='ltr'><strong>paucis</strong></span> 
     </span>
    </p>
   </div>
   <div class='ocr_carea' id='block_1_6' title="bbox 210 3139 412 3154">
    <p class='ocr_par' dir='ltr' id='par_1_6' title="bbox 210 3139 412 3154">
     <span class='ocr_line' id='line_1_33' title="bbox 210 3139 412 3154; baseline 0.005 -2"><span class='ocrx_word' id='word_1_325' title='bbox 210 3139 412 3154; x_wconf 51' lang='lat' dir='ltr'><em>m</em></span> 
     </span>
    </p>
   </div>
   <div class='ocr_carea' id='block_1_7' title="bbox 277 3193 1425 3324">
    <p class='ocr_par' dir='ltr' id='par_1_7' title="bbox 277 3193 1441 3324">
     <span class='ocr_line' id='line_1_34' title="bbox 277 3193 1425 3324; baseline 0.064 -83"><span class='ocrx_word' id='word_1_326' title='bbox 277 3195 304 3262; x_wconf 72' lang='lat' dir='ltr'><strong>t)</strong></span> <span class='ocrx_word' id='word_1_327' title='bbox 333 3193 390 3248; x_wconf 81' lang='lat' dir='ltr'><strong>Ode</strong></span> <span class='ocrx_word' id='word_1_328' title='bbox 414 3195 561 3260; x_wconf 82' lang='grc' dir='ltr'><strong><em>ἀπεικότως</em></strong></span> <span class='ocrx_word' id='word_1_329' title='bbox 579 3195 633 3272; x_wconf 64' lang='grc' dir='ltr'><strong>ἄρα</strong></span> <span class='ocrx_word' id='word_1_330' title='bbox 653 3203 701 3254; x_wconf 65' lang='lat' dir='ltr'><strong>itt‘l</strong></span> <span class='ocrx_word' id='word_1_331' title='bbox 720 3205 776 3255; x_wconf 63' lang='grc' dir='ltr'><strong>τῶν</strong></span> <span class='ocrx_word' id='word_1_332' title='bbox 793 3209 952 3274; x_wconf 65' lang='lat' dir='ltr'><strong>perceptor</strong></span> <span class='ocrx_word' id='word_1_333' title='bbox 970 3208 1026 3257; x_wconf 62' lang='lat'><strong>‘⁰3²‘</strong></span> <span class='ocrx_word' id='word_1_334' title='bbox 1034 3203 1107 3288; x_wconf 53' lang='grc' dir='ltr'><strong><em>,παρ’</em></strong></span> <span class='ocrx_word' id='word_1_335' title='bbox 1121 3201 1252 3271; x_wconf 48' lang='lat' dir='ltr'><strong>“Elim</strong></span> <span class='ocrx_word' id='word_1_336' title='bbox 1271 3198 1346 3323; x_wconf 44' lang='grc' dir='ltr'><strong>ἄρξῃ</strong></span> <span class='ocrx_word' id='word_1_337' title='bbox 1364 3203 1425 3324; x_wconf 53' lang='lat' dir='ltr'><strong>lm</strong></span> 
     </span>
    </p>
   </div>
   <div class='ocr_carea' id='block_1_8' title="bbox 206 3258 1341 3342">
    <p class='ocr_par' dir='ltr' id='par_1_8' title="bbox 206 3258 1341 3342">
     <span class='ocr_line' id='line_1_35' title="bbox 206 3258 1341 3342; baseline 0.007 -26"><span class='ocrx_word' id='word_1_338' title='bbox 206 3259 240 3316; x_wconf 79' lang='lat' dir='ltr'><strong>tei</strong></span> <span class='ocrx_word' id='word_1_339' title='bbox 258 3258 413 3332; x_wconf 76' lang='grc' dir='ltr'><strong><em>καθάρσια,</em></strong></span> <span class='ocrx_word' id='word_1_340' title='bbox 440 3265 569 3336; x_wconf 74' lang='grc' dir='ltr'><strong><em>καθάπερ</em></strong></span> <span class='ocrx_word' id='word_1_341' title='bbox 587 3273 634 3321; x_wconf 78' lang='grc' dir='ltr'><strong><em>καὶ</em></strong></span> <span class='ocrx_word' id='word_1_342' title='bbox 653 3275 711 3331; x_wconf 89' lang='grc' dir='ltr'><strong><em>τοῖς</em></strong></span> <span class='ocrx_word' id='word_1_343' title='bbox 728 3268 876 3342; x_wconf 80' lang='grc' dir='ltr'><strong><em>βαρβάροις</em></strong></span> <span class='ocrx_word' id='word_1_344' title='bbox 893 3271 924 3326; x_wconf 78' lang='grc' dir='ltr'><strong><em>τό</em></strong></span> <span class='ocrx_word' id='word_1_345' title='bbox 943 3277 1068 3342; x_wconf 82' lang='grc' dir='ltr'><strong><em>ίουιρον.</em></strong></span> <span class='ocrx_word' id='word_1_346' title='bbox 1102 3273 1182 3328; x_wconf 79' lang='grc' dir='ltr'><strong><em>Μετὰ</em></strong></span> <span class='ocrx_word' id='word_1_347' title='bbox 1201 3275 1287 3326; x_wconf 78' lang='grc' dir='ltr'><strong><em>ταῦτα</em></strong></span> <span class='ocrx_word' id='word_1_348' title='bbox 1332 3275 1341 3299; x_wconf 86' lang='grc'><strong><em>’</em></strong></span> 
     </span>
    </p>
   </div>
   <div class='ocr_carea' id='block_1_9' title="bbox 133 3329 1429 4439">
    <p class='ocr_par' dir='ltr' id='par_1_9' title="bbox 164 3329 1429 3552">
     <span class='ocr_line' id='line_1_36' title="bbox 204 3329 1428 3418; baseline 0.007 -32"><span class='ocrx_word' id='word_1_349' title='bbox 204 3329 243 3414; x_wconf 56' lang='grc' dir='ltr'><strong><em>τοί</em></strong></span> <span class='ocrx_word' id='word_1_350' title='bbox 264 3330 522 3418; x_wconf 32' lang='grc' dir='ltr'><strong><em>μικριίιμυστὴρια,</em></strong></span> <span class='ocrx_word' id='word_1_351' title='bbox 550 3337 731 3400; x_wconf 69' lang='grc' dir='ltr'><strong><em>διδασκαλίας</em></strong></span> <span class='ocrx_word' id='word_1_352' title='bbox 755 3339 816 3392; x_wconf 78' lang='grc' dir='ltr'><strong><em>τινα</em></strong></span> <span class='ocrx_word' id='word_1_353' title='bbox 843 3337 980 3395; x_wconf 70' lang='grc' dir='ltr'><strong><em>ὑπόθεσιν</em></strong></span> <span class='ocrx_word' id='word_1_354' title='bbox 1002 3344 1101 3412; x_wconf 76' lang='grc' dir='ltr'><strong><em>ἔχοντα</em></strong></span> <span class='ocrx_word' id='word_1_355' title='bbox 1120 3345 1167 3396; x_wconf 82' lang='grc' dir='ltr'><strong><em>καὶ</em></strong></span> <span class='ocrx_word' id='word_1_356' title='bbox 1189 3359 1288 3412; x_wconf 80' lang='lat' dir='ltr'><strong>repono</strong></span> <span class='ocrx_word' id='word_1_357' title='bbox 1307 3343 1428 3402; x_wconf 80' lang='grc' dir='ltr'><strong><em>ασκευῆς</em></strong></span> 
     </span>
     <span class='ocr_line' id='line_1_37' title="bbox 205 3357 1429 3482; baseline 0.007 -28"><span class='ocrx_word' id='word_1_358' title='bbox 205 3415 261 3454; x_wconf 84' lang='grc' dir='ltr'><strong>των</strong></span> <span class='ocrx_word' id='word_1_359' title='bbox 284 3403 449 3472; x_wconf 69' lang='lat' dir='ltr'><strong>pallescere,</strong></span> <span class='ocrx_word' id='word_1_360' title='bbox 476 3423 509 3456; x_wconf 91' lang='grc' dir='ltr'><strong>τα</strong></span> <span class='ocrx_word' id='word_1_361' title='bbox 529 3404 561 3458; x_wconf 73' lang='lat' dir='ltr'><strong>di</strong></span> <span class='ocrx_word' id='word_1_362' title='bbox 602 3401 687 3476; x_wconf 76' lang='lat' dir='ltr'><strong>syriis</strong></span> <span class='ocrx_word' id='word_1_363' title='bbox 705 3410 769 3476; x_wconf 83' lang='grc' dir='ltr'><strong><em>περὶ</em></strong></span> <span class='ocrx_word' id='word_1_364' title='bbox 794 3411 851 3460; x_wconf 84' lang='grc' dir='ltr'><strong>τῶν</strong></span> <span class='ocrx_word' id='word_1_365' title='bbox 868 3407 1040 3480; x_wconf 81' lang='grc' dir='ltr'><strong><em>συμπάντων</em></strong></span> <span class='ocrx_word' id='word_1_366' title='bbox 1056 3411 1091 3466; x_wconf 83' lang='grc' dir='ltr'><strong>οὐ</strong></span> <span class='ocrx_word' id='word_1_367' title='bbox 1109 3407 1269 3482; x_wconf 70' lang='grc' dir='ltr'><strong><em>μανθάνειν</em></strong></span> <span class='ocrx_word' id='word_1_368' title='bbox 1290 3357 1333 3463; x_wconf 69' lang='lat' dir='ltr'><strong>lte</strong></span> <span class='ocrx_word' id='word_1_369' title='bbox 1352 3406 1429 3463; x_wconf 82' lang='grc' dir='ltr'><strong><em>ύπο-</em></strong></span> 
     </span>
     <span class='ocr_line' id='line_1_38' title="bbox 164 3425 1329 3552; baseline 0.009 -32"><span class='ocrx_word' id='word_1_370' title='bbox 164 3501 168 3506; x_wconf 78' lang='lat'><strong>,</strong></span> <span class='ocrx_word' id='word_1_371' title='bbox 205 3469 342 3536; x_wconf 78' lang='grc' dir='ltr'><strong><em>λείπεται,</em></strong></span> <span class='ocrx_word' id='word_1_372' title='bbox 370 3471 534 3526; x_wconf 72' lang='grc' dir='ltr'><strong><em>ἐποπτεύειν</em></strong></span> <span class='ocrx_word' id='word_1_373' title='bbox 554 3425 652 3527; x_wconf 51' lang='grc' dir='ltr'><strong><em>δύντα</em></strong></span> <span class='ocrx_word' id='word_1_374' title='bbox 670 3480 810 3546; x_wconf 85' lang='grc' dir='ltr'><strong><em>περινοεῖν</em></strong></span> <span class='ocrx_word' id='word_1_375' title='bbox 827 3472 877 3537; x_wconf 77' lang='grc' dir='ltr'><strong>τήν</strong></span> <span class='ocrx_word' id='word_1_376' title='bbox 895 3496 922 3532; x_wconf 86' lang='grc' dir='ltr'><strong>τε</strong></span> <span class='ocrx_word' id='word_1_377' title='bbox 940 3475 1029 3548; x_wconf 82' lang='grc' dir='ltr'><strong><em>φύσιν</em></strong></span> <span class='ocrx_word' id='word_1_378' title='bbox 1046 3483 1093 3532; x_wconf 79' lang='grc' dir='ltr'><strong><em>καὶ</em></strong></span> <span class='ocrx_word' id='word_1_379' title='bbox 1112 3478 1144 3533; x_wconf 81' lang='lat' dir='ltr'><strong>cri</strong></span> <span class='ocrx_word' id='word_1_380' title='bbox 1163 3475 1329 3552; x_wconf 79' lang='grc' dir='ltr'><strong><em>πράγματα.</em></strong></span> 
     </span>
    </p>

    <p class='ocr_par' dir='ltr' id='par_1_10' title="bbox 275 3539 1305 3618">
     <span class='ocr_line' id='line_1_39' title="bbox 275 3539 1305 3618; baseline 0.004 -22"><span class='ocrx_word' id='word_1_381' title='bbox 275 3540 317 3596; x_wconf 61' lang='lat' dir='ltr'><strong>“l</strong></span> <span class='ocrx_word' id='word_1_382' title='bbox 338 3539 463 3594; x_wconf 79' lang='lat' dir='ltr'><strong>Similiter</strong></span> <span class='ocrx_word' id='word_1_383' title='bbox 480 3543 596 3609; x_wconf 86' lang='lat' dir='ltr'><strong>Hermas,</strong></span> <span class='ocrx_word' id='word_1_384' title='bbox 617 3545 718 3610; x_wconf 86' lang='lat' dir='ltr'><strong>Pastor,</strong></span> <span class='ocrx_word' id='word_1_385' title='bbox 738 3547 763 3611; x_wconf 83' lang='lat'><strong>3,</strong></span> <span class='ocrx_word' id='word_1_386' title='bbox 783 3547 809 3599; x_wconf 87' lang='grc'><strong>9.</strong></span> <span class='ocrx_word' id='word_1_387' title='bbox 829 3565 854 3615; x_wconf 89' lang='lat' dir='ltr'><strong>p.</strong></span> <span class='ocrx_word' id='word_1_388' title='bbox 876 3550 924 3603; x_wconf 80' lang='lat'><strong>120</strong></span> <span class='ocrx_word' id='word_1_389' title='bbox 944 3551 982 3613; x_wconf 83' lang='lat' dir='ltr'><strong>(in</strong></span> <span class='ocrx_word' id='word_1_390' title='bbox 1001 3551 1123 3602; x_wconf 79' lang='lat' dir='ltr'><strong>cotelerii</strong></span> <span class='ocrx_word' id='word_1_391' title='bbox 1143 3549 1191 3602; x_wconf 86' lang='lat' dir='ltr'><strong>PP.</strong></span> <span class='ocrx_word' id='word_1_392' title='bbox 1204 3547 1305 3618; x_wconf 77' lang='lat' dir='ltr'><strong>¹App).</strong></span> 
     </span>
    </p>

    <p class='ocr_par' dir='ltr' id='par_1_11' title="bbox 204 3605 1409 3884">
     <span class='ocr_line' id='line_1_40' title="bbox 273 3605 1408 3690; baseline 0.007 -30"><span class='ocrx_word' id='word_1_393' title='bbox 273 3605 334 3690; x_wconf 59' lang='lat' dir='ltr'><strong>ess)</strong></span> <span class='ocrx_word' id='word_1_394' title='bbox 353 3609 475 3674; x_wconf 80' lang='lat' dir='ltr'><strong>Forensis</strong></span> <span class='ocrx_word' id='word_1_395' title='bbox 494 3614 615 3674; x_wconf 83' lang='lat' dir='ltr'><strong>solemnis</strong></span> <span class='ocrx_word' id='word_1_396' title='bbox 640 3613 745 3679; x_wconf 78' lang='grc' dir='ltr'><strong><em>(ἴσασιν</em></strong></span> <span class='ocrx_word' id='word_1_397' title='bbox 763 3615 790 3665; x_wconf 86' lang='lat' dir='ltr'><strong>oi</strong></span> <span class='ocrx_word' id='word_1_398' title='bbox 808 3618 1009 3686; x_wconf 75' lang='grc' dir='ltr'><strong><em>μεμυημένοι),</em></strong></span> <span class='ocrx_word' id='word_1_399' title='bbox 1035 3619 1102 3686; x_wconf 90' lang='lat' dir='ltr'><strong>epod</strong></span> <span class='ocrx_word' id='word_1_400' title='bbox 1119 3619 1211 3670; x_wconf 84' lang='lat' dir='ltr'><strong>Patres</strong></span> <span class='ocrx_word' id='word_1_401' title='bbox 1232 3617 1317 3670; x_wconf 88' lang='lat' dir='ltr'><strong>seculi</strong></span> <span class='ocrx_word' id='word_1_402' title='bbox 1339 3635 1408 3686; x_wconf 84' lang='lat' dir='ltr'><strong>quer</strong></span> 
     </span>
     <span class='ocr_line' id='line_1_41' title="bbox 205 3677 1402 3758; baseline 0.009 -31"><span class='ocrx_word' id='word_1_403' title='bbox 205 3683 232 3728; x_wconf 88' lang='lat' dir='ltr'><strong>et</strong></span> <span class='ocrx_word' id='word_1_404' title='bbox 249 3677 341 3758; x_wconf 72' lang='lat' dir='ltr'><strong>puncti,</strong></span> <span class='ocrx_word' id='word_1_405' title='bbox 362 3682 499 3747; x_wconf 77' lang='lat' dir='ltr'><strong>praecipue</strong></span> <span class='ocrx_word' id='word_1_406' title='bbox 519 3681 585 3749; x_wconf 86' lang='lat' dir='ltr'><strong>apud</strong></span> <span class='ocrx_word' id='word_1_407' title='bbox 604 3677 822 3750; x_wconf 73' lang='lat' dir='ltr'><strong>chrysostomum,</strong></span> <span class='ocrx_word' id='word_1_408' title='bbox 842 3687 988 3738; x_wconf 87' lang='lat' dir='ltr'><strong>sexcenties</strong></span> <span class='ocrx_word' id='word_1_409' title='bbox 1007 3688 1093 3738; x_wconf 86' lang='lat' dir='ltr'><strong>obvia.</strong></span> <span class='ocrx_word' id='word_1_410' title='bbox 1127 3685 1264 3738; x_wconf 71' lang='lat' dir='ltr'><strong>llermulss</strong></span> <span class='ocrx_word' id='word_1_411' title='bbox 1285 3696 1402 3751; x_wconf 79' lang='lat' dir='ltr'><strong>cognatu</strong></span> 
     </span>
     <span class='ocr_line' id='line_1_42' title="bbox 204 3747 1409 3824; baseline 0.01 -30"><span class='ocrx_word' id='word_1_412' title='bbox 204 3747 374 3812; x_wconf 80' lang='lat' dir='ltr'><strong>scriptoribus</strong></span> <span class='ocrx_word' id='word_1_413' title='bbox 393 3749 525 3815; x_wconf 82' lang='lat' dir='ltr'><strong>prolenis,</strong></span> <span class='ocrx_word' id='word_1_414' title='bbox 555 3751 613 3800; x_wconf 89' lang='lat' dir='ltr'><strong>dern</strong></span> <span class='ocrx_word' id='word_1_415' title='bbox 634 3751 665 3801; x_wconf 90' lang='lat' dir='ltr'><strong>de</strong></span> <span class='ocrx_word' id='word_1_416' title='bbox 685 3754 816 3822; x_wconf 79' lang='lat' dir='ltr'><strong>mysteriis</strong></span> <span class='ocrx_word' id='word_1_417' title='bbox 841 3755 1120 3824; x_wconf 80' lang='lat' dir='ltr'><strong>ethnicisloquuntur,</strong></span> <span class='ocrx_word' id='word_1_418' title='bbox 1141 3757 1252 3808; x_wconf 83' lang='lat' dir='ltr'><strong>usitatas</strong></span> <span class='ocrx_word' id='word_1_419' title='bbox 1274 3756 1337 3808; x_wconf 84' lang='lat' dir='ltr'><strong>vide</strong></span> <span class='ocrx_word' id='word_1_420' title='bbox 1360 3773 1409 3824; x_wconf 84' lang='lat' dir='ltr'><strong>spo</strong></span> 
     </span>
     <span class='ocr_line' id='line_1_43' title="bbox 205 3811 1181 3884; baseline 0.017 -23"><span class='ocrx_word' id='word_1_421' title='bbox 205 3811 468 3867; x_wconf 72' lang='lat' dir='ltr'><strong>Cussaburenses.</strong></span> <span class='ocrx_word' id='word_1_422' title='bbox 498 3833 523 3884; x_wconf 93' lang='lat' dir='ltr'><strong>p.</strong></span> <span class='ocrx_word' id='word_1_423' title='bbox 545 3818 596 3870; x_wconf 76' lang='lat'><strong>484</strong></span> <span class='ocrx_word' id='word_1_424' title='bbox 614 3833 636 3869; x_wconf 89' lang='lat' dir='ltr'><strong>s.</strong></span> <span class='ocrx_word' id='word_1_425' title='bbox 1178 3871 1181 3878; x_wconf 87' lang='lat'><em>.</em></span> 
     </span>
    </p>

    <p class='ocr_par' dir='ltr' id='par_1_12' title="bbox 133 3879 1421 4439">
     <span class='ocr_line' id='line_1_44' title="bbox 272 3879 1420 3960; baseline 0.011 -27"><span class='ocrx_word' id='word_1_426' title='bbox 272 3879 307 3943; x_wconf 82' lang='lat'><strong>†)</strong></span> <span class='ocrx_word' id='word_1_427' title='bbox 325 3881 410 3935; x_wconf 79' lang='lat' dir='ltr'><strong>Etiam</strong></span> <span class='ocrx_word' id='word_1_428' title='bbox 431 3885 457 3936; x_wconf 90' lang='lat' dir='ltr'><strong>iu</strong></span> <span class='ocrx_word' id='word_1_429' title='bbox 476 3887 618 3936; x_wconf 82' lang='lat' dir='ltr'><strong>sceleribus</strong></span> <span class='ocrx_word' id='word_1_430' title='bbox 638 3887 749 3940; x_wconf 69' lang='lat' dir='ltr'><strong>constit,</strong></span> <span class='ocrx_word' id='word_1_431' title='bbox 769 3891 915 3957; x_wconf 77' lang='lat' dir='ltr'><strong>Apostoiie.</strong></span> <span class='ocrx_word' id='word_1_432' title='bbox 934 3889 1008 3942; x_wconf 87' lang='lat' dir='ltr'><strong>libris</strong></span> <span class='ocrx_word' id='word_1_433' title='bbox 1026 3895 1159 3960; x_wconf 80' lang='grc' dir='ltr'><strong><em>μυεῖσθαι</em></strong></span> <span class='ocrx_word' id='word_1_434' title='bbox 1177 3891 1241 3942; x_wconf 87' lang='lat' dir='ltr'><strong>illud</strong></span> <span class='ocrx_word' id='word_1_435' title='bbox 1263 3898 1290 3944; x_wconf 87' lang='lat' dir='ltr'><strong>et</strong></span> <span class='ocrx_word' id='word_1_436' title='bbox 1310 3900 1420 3956; x_wconf 75' lang='lat' dir='ltr'><strong>cognati</strong></span> 
     </span>
     <span class='ocr_line' id='line_1_45' title="bbox 203 3945 1418 4033; baseline 0.015 -41"><span class='ocrx_word' id='word_1_437' title='bbox 203 3945 330 4026; x_wconf 70' lang='lat' dir='ltr'><strong>vocabula</strong></span> <span class='ocrx_word' id='word_1_438' title='bbox 350 3953 445 4032; x_wconf 86' lang='lat' dir='ltr'><strong>passim</strong></span> <span class='ocrx_word' id='word_1_439' title='bbox 464 3961 603 4033; x_wconf 70' lang='lat' dir='ltr'><strong>occurrent</strong></span> <span class='ocrx_word' id='word_1_440' title='bbox 623 3970 648 4005; x_wconf 89' lang='lat' dir='ltr'><strong>v.</strong></span> <span class='ocrx_word' id='word_1_441' title='bbox 669 3971 692 4006; x_wconf 88' lang='lat' dir='ltr'><strong>c.</strong></span> <span class='ocrx_word' id='word_1_442' title='bbox 713 3955 738 4020; x_wconf 89' lang='grc'><strong>7,</strong></span> <span class='ocrx_word' id='word_1_443' title='bbox 755 3958 818 4012; x_wconf 81' lang='lat'><strong>25.:</strong></span> <span class='ocrx_word' id='word_1_444' title='bbox 844 3961 879 4010; x_wconf 82' lang='lat' dir='ltr'><strong>Ei</strong></span> <span class='ocrx_word' id='word_1_445' title='bbox 901 3957 935 4008; x_wconf 77' lang='lat' dir='ltr'><strong>be</strong></span> <span class='ocrx_word' id='word_1_446' title='bbox 957 3975 997 4018; x_wconf 89' lang='grc' dir='ltr'><strong>τις</strong></span> <span class='ocrx_word' id='word_1_447' title='bbox 1014 3956 1085 4011; x_wconf 75' lang='grc' dir='ltr'><strong><em>κατεῖ</em></strong></span> <span class='ocrx_word' id='word_1_448' title='bbox 1110 3956 1229 4027; x_wconf 85' lang='grc' dir='ltr'><strong><em>τ’ίγνοιαν</em></strong></span> <span class='ocrx_word' id='word_1_449' title='bbox 1257 3955 1418 4027; x_wconf 74' lang='grc' dir='ltr'><strong><em>μεταλάβοι,</em></strong></span> 
     </span>
     <span class='ocr_line' id='line_1_46' title="bbox 201 4017 1421 4110; baseline 0.013 -49"><span class='ocrx_word' id='word_1_450' title='bbox 201 4025 301 4094; x_wconf 74' lang='grc' dir='ltr'><strong><em>τουτον</em></strong></span> <span class='ocrx_word' id='word_1_451' title='bbox 326 4033 423 4084; x_wconf 83' lang='grc' dir='ltr'><strong><em>τιιχιον</em></strong></span> <span class='ocrx_word' id='word_1_452' title='bbox 447 4033 668 4089; x_wconf 77' lang='grc' dir='ltr'><strong><em>στοιχειωσανιες</em></strong></span> <span class='ocrx_word' id='word_1_453' title='bbox 692 4017 869 4090; x_wconf 67' lang='lat' dir='ltr'><strong>peiorare,</strong></span> <span class='ocrx_word' id='word_1_454' title='bbox 902 4021 978 4086; x_wconf 80' lang='grc' dir='ltr'><strong><em>ὅπως</em></strong></span> <span class='ocrx_word' id='word_1_455' title='bbox 1002 4025 1041 4110; x_wconf 57' lang='grc' dir='ltr'><strong>μιῇ</strong></span> <span class='ocrx_word' id='word_1_456' title='bbox 1064 4024 1274 4098; x_wconf 55' lang='lat' dir='ltr'><strong>recompensetis</strong></span> <span class='ocrx_word' id='word_1_457' title='bbox 1305 4031 1421 4088; x_wconf 75' lang='grc' dir='ltr'><strong><em>εξίίθοι,</em></strong></span> 
     </span>
     <span class='ocr_line' id='line_1_47' title="bbox 133 4079 1418 4166; baseline 0.015 -36"><span class='ocrx_word' id='word_1_458' title='bbox 133 4119 138 4129; x_wconf 90' lang='grc'><em>,</em></span> <span class='ocrx_word' id='word_1_459' title='bbox 202 4079 269 4132; x_wconf 81' lang='lat' dir='ltr'><strong>lbrd.</strong></span> <span class='ocrx_word' id='word_1_460' title='bbox 288 4097 328 4148; x_wconf 88' lang='lat' dir='ltr'><strong>cp.</strong></span> <span class='ocrx_word' id='word_1_461' title='bbox 348 4086 397 4138; x_wconf 83' lang='lat'><strong>³8:</strong></span> <span class='ocrx_word' id='word_1_462' title='bbox 417 4082 509 4147; x_wconf 81' lang='grc' dir='ltr'><strong><em>Ὅπως</em></strong></span> <span class='ocrx_word' id='word_1_463' title='bbox 524 4089 580 4159; x_wconf 81' lang='grc' dir='ltr'><strong><em>μὲν</em></strong></span> <span class='ocrx_word' id='word_1_464' title='bbox 599 4080 650 4140; x_wconf 76' lang='grc' dir='ltr'><strong><em>οὖν</em></strong></span> <span class='ocrx_word' id='word_1_465' title='bbox 666 4087 809 4159; x_wconf 79' lang='grc' dir='ltr'><strong><em>ὀφείλουσι</em></strong></span> <span class='ocrx_word' id='word_1_466' title='bbox 828 4095 874 4164; x_wconf 68' lang='grc' dir='ltr'><strong><em>ζῇν</em></strong></span> <span class='ocrx_word' id='word_1_467' title='bbox 899 4095 931 4146; x_wconf 80' lang='grc' dir='ltr'><strong>οἱ</strong></span> <span class='ocrx_word' id='word_1_468' title='bbox 954 4112 1038 4148; x_wconf 87' lang='grc' dir='ltr'><strong><em>κατα</em></strong></span> <span class='ocrx_word' id='word_1_469' title='bbox 1059 4093 1217 4163; x_wconf 78' lang='grc' dir='ltr'><strong><em>Χριστόν</em></strong></span> <span class='ocrx_word' id='word_1_470' title='bbox 1238 4099 1418 4166; x_wconf 72' lang='grc' dir='ltr'><strong><em>μεμυημί·</em></strong></span> 
     </span>
     <span class='ocr_line' id='line_1_48' title="bbox 201 4150 1418 4266; baseline 0.01 -66"><span class='ocrx_word' id='word_1_471' title='bbox 201 4164 272 4266; x_wconf 58' lang='grc' dir='ltr'><strong><em>νοιλ,</em></strong></span> <span class='ocrx_word' id='word_1_472' title='bbox 297 4150 343 4229; x_wconf 73' lang='grc' dir='ltr'><strong>καὶ</strong></span> <span class='ocrx_word' id='word_1_473' title='bbox 362 4154 421 4212; x_wconf 77' lang='grc' dir='ltr'><strong><em>οἵας</em></strong></span> <span class='ocrx_word' id='word_1_474' title='bbox 438 4153 609 4222; x_wconf 82' lang='grc' dir='ltr'><strong><em>εὐχαριστίας</em></strong></span> <span class='ocrx_word' id='word_1_475' title='bbox 626 4155 804 4246; x_wconf 72' lang='grc' dir='ltr'><strong><em>ἀναπέμπειν</em></strong></span> <span class='ocrx_word' id='word_1_476' title='bbox 821 4165 862 4246; x_wconf 44' lang='grc' dir='ltr'><strong><em>τῷ,</em></strong></span> <span class='ocrx_word' id='word_1_477' title='bbox 878 4161 936 4243; x_wconf 62' lang='lat' dir='ltr'><strong>Osa}</strong></span> <span class='ocrx_word' id='word_1_478' title='bbox 954 4162 1002 4214; x_wconf 80' lang='lat' dir='ltr'><strong>deri</strong></span> <span class='ocrx_word' id='word_1_479' title='bbox 1020 4165 1154 4232; x_wconf 80' lang='grc' dir='ltr'><strong><em>Χριστοῦ,</em></strong></span> <span class='ocrx_word' id='word_1_480' title='bbox 1174 4167 1277 4249; x_wconf 56' lang='lat' dir='ltr'><strong>erperae</strong></span> <span class='ocrx_word' id='word_1_481' title='bbox 1296 4163 1349 4246; x_wconf 68' lang='grc' dir='ltr'><strong><em>διιξ</em></strong></span> <span class='ocrx_word' id='word_1_482' title='bbox 1369 4167 1418 4216; x_wconf 81' lang='grc' dir='ltr'><strong>τῶν</strong></span> 
     </span>
     <span class='ocr_line' id='line_1_49' title="bbox 200 4221 1418 4370; baseline 0.011 -35"><span class='ocrx_word' id='word_1_483' title='bbox 200 4221 1418 4370; x_wconf 67' lang='grc' dir='ltr'><strong><em>ιιι.ιίιιιιι..ίαιι.ιί..ιναναίοισι.ιιβιιινιιίιιῖι·</em></strong></span> 
     </span>
     <span class='ocr_line' id='line_1_50' title="bbox 200 4354 1415 4439; baseline 0.016 -38"><span class='ocrx_word' id='word_1_484' title='bbox 200 4354 225 4401; x_wconf 87' lang='lat' dir='ltr'><strong>ie</strong></span> <span class='ocrx_word' id='word_1_485' title='bbox 236 4355 385 4419; x_wconf 87' lang='lat' dir='ltr'><strong>precatione</strong></span> <span class='ocrx_word' id='word_1_486' title='bbox 396 4369 440 4419; x_wconf 88' lang='lat' dir='ltr'><strong>pro</strong></span> <span class='ocrx_word' id='word_1_487' title='bbox 451 4363 652 4422; x_wconf 85' lang='lat' dir='ltr'><strong>competentibus</strong></span> <span class='ocrx_word' id='word_1_488' title='bbox 668 4358 751 4431; x_wconf 76' lang='grc' dir='ltr'><strong><em>(ίπὲρ</em></strong></span> <span class='ocrx_word' id='word_1_489' title='bbox 766 4368 822 4416; x_wconf 82' lang='grc' dir='ltr'><strong>τῶν</strong></span> <span class='ocrx_word' id='word_1_490' title='bbox 834 4369 1053 4438; x_wconf 78' lang='grc' dir='ltr'><strong><em>βαπτιζομίνων)</em></strong></span> <span class='ocrx_word' id='word_1_491' title='bbox 1069 4369 1138 4422; x_wconf 85' lang='lat' dir='ltr'><strong>Deus</strong></span> <span class='ocrx_word' id='word_1_492' title='bbox 1151 4372 1316 4439; x_wconf 87' lang='lat' dir='ltr'><strong>imploretur,</strong></span> <span class='ocrx_word' id='word_1_493' title='bbox 1334 4380 1365 4423; x_wconf 87' lang='lat' dir='ltr'><strong>nt</strong></span> <span class='ocrx_word' id='word_1_494' title='bbox 1377 4374 1415 4422; x_wconf 81' lang='lat' dir='ltr'><strong>bea</strong></span> 
     </span>
    </p>
   </div>
   <div class='ocr_carea' id='block_1_10' title="bbox 200 4421 1417 4511">
    <p class='ocr_par' dir='ltr' id='par_1_13' title="bbox 200 4421 1417 4511">
     <span class='ocr_line' id='line_1_51' title="bbox 200 4421 1417 4511; baseline 0.019 -41"><span class='ocrx_word' id='word_1_495' title='bbox 200 4421 339 4490; x_wconf 81' lang='lat' dir='ltr'><strong>participes</strong></span> <span class='ocrx_word' id='word_1_496' title='bbox 352 4422 461 4476; x_wconf 87' lang='lat' dir='ltr'><strong>reddere</strong></span> <span class='ocrx_word' id='word_1_497' title='bbox 476 4423 595 4490; x_wconf 71' lang='lat' dir='ltr'><strong>dignetur</strong></span> <span class='ocrx_word' id='word_1_498' title='bbox 611 4429 667 4480; x_wconf 80' lang='grc' dir='ltr'><strong>τῶν</strong></span> <span class='ocrx_word' id='word_1_499' title='bbox 679 4425 770 4499; x_wconf 74' lang='grc' dir='ltr'><strong><em>ἁγίων</em></strong></span> <span class='ocrx_word' id='word_1_500' title='bbox 782 4431 867 4490; x_wconf 81' lang='grc' dir='ltr'><strong><em>αὐτοῦ</em></strong></span> <span class='ocrx_word' id='word_1_501' title='bbox 880 4437 1022 4506; x_wconf 75' lang='grc' dir='ltr'><strong><em>ἱερῶνκαὶ</em></strong></span> <span class='ocrx_word' id='word_1_502' title='bbox 1035 4438 1191 4493; x_wconf 74' lang='lat' dir='ltr'><strong>triedrico</strong></span> <span class='ocrx_word' id='word_1_503' title='bbox 1207 4443 1417 4511; x_wconf 85' lang='grc' dir='ltr'><strong><em>μυστηρίων.</em></strong></span> 
     </span>
    </p>
   </div>
   <div class='ocr_carea' id='block_1_11' title="bbox 1380 3287 1440 3324">
    <p class='ocr_par' dir='ltr' id='par_1_14' title="bbox 1380 3287 1440 3324">
     <span class='ocr_line' id='line_1_52' title="bbox 1380 3287 1440 3324; baseline 0.017 -1"><span class='ocrx_word' id='word_1_504' title='bbox 1380 3287 1440 3324; x_wconf 69' lang='grc' dir='ltr'><strong><em>σῖτ’</em></strong></span> 
     </span>
    </p>
   </div>
   <div class='ocr_carea' id='block_1_12' title="bbox 0 0 1476 4890">
    <p class='ocr_par' dir='ltr' id='par_1_15' title="bbox 0 0 1476 4890">
     <span class='ocr_line' id='line_1_53' title="bbox 0 0 1476 4890; baseline 0 4"><span class='ocrx_word' id='word_1_505' title='bbox 0 0 1476 4890; x_wconf 95' lang='lat' dir='ltr'><strong> </strong></span> 
     </span>
    </p>
   </div>
  </div>
 </body>
</html>
