2942 4892
390 183 407 292 j
478 183 770 270 renascentur.
801 205 804 212 ’
1159 206 1231 284 cer

20 375 136 440 hotham
155 375 379 457 grassantibus
401 377 640 458 persecutionum
661 377 885 460 tempestatibus
908 380 938 444 ln
962 379 1155 445 mureutibnr
1173 401 1230 446 sa-

20 467 72 541 ris,
95 465 127 524 io
148 465 270 548 quihus
287 459 376 527 sitnm
404 467 614 538 eucharistiam
634 460 864 542 distribuebant,
887 467 965 530 serio
986 469 1230 535 admonebantur.

20 551 145 633 luieqnid
165 545 310 626 ἀταξίας
326 554 466 617 adhaeret
483 555 566 632 ritui,
591 555 677 618 medii
700 555 764 617 aeri
784 554 895 618 seculis
920 566 948 618 ct
971 556 1102 636 proxime
1116 558 1230 618 subse-
1336 571 1340 594 ¹

20 641 154 720 tuentibus
172 639 323 714 accrevit,
341 661 378 704 ex
394 638 557 724 κακιζηλίᾳ
573 643 735 722 gentilium,
753 645 831 725 quod
848 645 884 704 de
904 643 1039 724 pluribus
1053 643 1230 722 Pontificio,-

20 747 59 788 um
82 725 358 808 superstitionibus
379 738 521 792 monstrat
536 730 750 810 Hospiaianus.
787 730 943 810 Liturgia,
967 752 1052 812 quarn
1071 732 1182 794 nostris
1198 732 1230 796 in

20 816 129 878 *eclesiis
161 826 306 893 tuemur,
338 816 469 878 narnium
492 825 538 880 est
561 818 764 899 antiquissima
797 829 827 880 et
849 819 1024 906 apustelica.
1076 821 1229 884 Habemus

20 903 75 964 llam
91 903 230 984 profecto
249 905 291 964 ab
309 903 382 985 ipsis
398 905 542 984 apostolis
559 905 590 965 in
607 906 762 970 ecclesiam
781 904 941 985 invectam,
964 908 1002 968 ab
1020 905 1091 969 riris
1107 916 1230 990 apesto-

21 989 66 1052 ieis
88 994 122 1054 ad
148 1003 297 1072 posteros
321 993 492 1054 traductam.
538 993 634 1056 Missa
657 1013 726 1058 rcro
750 993 981 1076 pontificiorum,
1006 995 1092 1076 cnjus
1116 995 1230 1058 semina
1273 1026 1278 1034 ι

20 1096 77 1140 ccc.
93 1079 144 1142 ltt.
162 1079 216 1144 IV.
237 1089 271 1142 et
289 1081 324 1145 v.
341 1100 446 1160 sparsa
463 1089 547 1154 suut,
571 1101 630 1145 sec.
650 1083 698 1148 Vl.
717 1085 830 1144 demum
858 1093 902 1146 est
925 1083 1001 1146 edita
1026 1104 1060 1144 ac
1083 1083 1229 1163 supersti-

20 1164 122 1228 iouibus
139 1167 294 1248 aerisque
309 1167 415 1230 ritibus
430 1187 575 1230 successa
593 1170 731 1250 temporis
749 1178 846 1234 aucta.
873 1203 911 1216 ·-
938 1170 966 1252 b.
984 1171 1013 1232 3.
1030 1168 1174 1251 Pelagius
1192 1167 1229 1242 ll.

20 1253 108 1315 =.³ontil.¹
120 1255 159 1316 tt.
180 1265 213 1318 ut
232 1255 377 1338 mummia
394 1255 596 1318 defuncturum
614 1257 643 1318 iu
660 1258 737 1320 omni
756 1259 846 1320 missa
862 1257 953 1336 fieret,
972 1257 1128 1320 ordinarit.
1157 1259 1228 1324 Sec.

20 1340 63 1402 lll.
86 1340 158 1404 haec
176 1343 398 1406 sanctimoniae
420 1343 503 1406 larro
527 1355 554 1404 et
579 1346 693 1408 ethnica
712 1367 817 1428 pompa
843 1344 1150 1426 Constantinopolin,
1168 1346 1229 1406 hn-
1270 1343 1271 1356 ¹

20 1427 106 1506 etiarn,
131 1429 305 1492 Saxoniam
330 1431 464 1512 aliasque
489 1442 582 1494 terras
608 1433 763 1512 pervagari
788 1433 895 1513 coepit.
941 1431 1076 1496 Eleratio
1101 1432 1230 1514 simplex

20 1515 142 1594 migrabat
166 1518 270 1598 magis
296 1519 450 1600 magisque
474 1519 504 1580 iu
530 1521 768 1598 superstitiones,
798 1540 863 1584 erum
886 1519 1058 1582 adoratione
1074 1530 1105 1582 et
1126 1541 1229 1600 genn.-

20 1602 123 1664 lexiooe
149 1606 342 1688 conjunctas.
386 1607 471 1684 Unde
495 1606 644 1670 missatica
670 1606 816 1672 sacrificia
841 1617 868 1670 et
890 1607 1031 1670 theatrica
1059 1607 1230 1692 spectacula

20 1687 225 1756 invalescebant
255 1705 285 1756 ct
309 1694 403 1758 iodies
421 1696 603 1757 crescebant.
647 1697 737 1758 Certe
757 1695 879 1759 elevatio
895 1695 994 1775 panis,
1011 1716 1097 1776 qnam
1114 1705 1228 1776 veteres
1249 1693 1251 1700 ’

20 1773 84 1839 initio
105 1783 141 1842 ab
158 1781 313 1844 Hebraeis
333 1783 410 1844 hand
430 1781 519 1844 dabie
541 1782 658 1863 fuerant
682 1784 820 1862 mutuati,
848 1793 986 1864 tanquam
1010 1783 1095 1845 ritnm
1113 1786 1228 1864 absque

20 1866 210 1939 genuflexione
237 1867 387 1932 adorabili
413 1883 443 1932 et
467 1870 679 1950 superstitione
702 1882 868 1953 peractum,
893 1891 954 1934 seu
972 1871 1143 1951 praesertim
1164 1871 1230 1954 vlt.

21 1953 144 2017 transibat
167 1955 199 2018 in
226 1977 355 2038 pompas
374 1955 532 2020 theatrales
557 1968 585 2020 et
602 1960 796 2040 sequentibus
815 1959 926 2022 seculis
946 1958 1031 2020 noris
1047 1959 1153 2022 ritibus
1172 1979 1229 2030 au-

21 2040 126 2116 gebatur
148 2053 239 2127 atque
264 2045 421 2119 serdibus,
446 2045 547 2108 nescio
573 2047 696 2128 quibus,
722 2047 903 2112 ethnicorum
925 2047 1028 2110 mirum
1055 2047 1085 2106 in
1112 2049 1229 2108 turudum

23 2133 272 2207 conspurcabatur.
316 2134 386 2198 Sec.
404 2129 485 2196 Xlll.
509 2133 539 2194 in
566 2135 691 2198 concilio
713 2136 885 2214 Viennensi,
913 2155 942 2200 a.
967 2135 1001 2198 C.
1020 2133 1114 2198 1311.
1147 2136 1229 2216 Beg·
1334 2171 1336 2176 ·
1387 2119 1391 2128 ’

23 2213 89 2276 hardi
108 2229 134 2280 et
151 2220 310 2302 Beguinae
327 2222 550 2299 damnabantur,
567 2225 645 2303 quod
663 2235 779 2303 praeter
795 2223 1070 2306 plurimoserrores
1090 2225 1124 2284 ad
1143 2222 1229 2284 nolae

24 2319 109 2366 sonum
125 2328 191 2389 curu
212 2309 425 2388 monstrantia,
451 2331 536 2390 quam
555 2322 660 2374 vocant
672 2311 703 2372 in
722 2319 838 2394 papatu,
856 2309 1036 2387 elevaretur,
1057 2329 1183 2388 surgere
1200 2316 1231 2386 et

27 2408 107 2466 genua
119 2394 247 2468 ¹{lectore
266 2406 457 2475 recusarent,
483 2419 568 2478 quem
583 2407 680 2460 tamen
697 2401 806 2460 cultum
824 2397 953 2461 ecclesia
967 2417 1087 2468 romena
1104 2415 1230 2478 praece·
1304 2451 1309 2462 .

27 2490 102 2552 perat.
146 2482 207 2546 Sed
227 2485 280 2548 diu
295 2485 356 2568 iarn
373 2497 445 2548 aute·
456 2483 530 2546 illud
555 2496 669 2566 ternpus
687 2480 910 2567 ἂριολατρείας
933 2484 1103 2566 superstitio
1130 2484 1235 2561 inere,
1345 2488 1351 2498 “

29 2576 136 2630 mentum
153 2571 247 2653 cepit,
272 2573 400 2636 maxime
424 2595 489 2634 cum
508 2576 660 2635 accederet
684 2574 769 2637 nolae
787 2574 831 2634 rel
849 2571 1042 2655 rampannlae
1060 2575 1095 2634 ad
1115 2570 1230 2635 hostiae

29 2649 201 2747 elevationem
219 2661 306 2739 ritus,
319 2661 368 2742 qui
385 2661 528 2723 hactenns
542 2671 574 2721 ut
586 2659 716 2742 simplex
734 2664 916 2724 consuetudo
931 2661 1107 2742 quibusdam
1125 2658 1230 2724 saltem

29 2743 196 2808 aecclesiis
222 2750 301 2810 baud
328 2749 416 2810 dubie
440 2748 573 2810 latuerat.
608 2749 770 2812 Durantius
793 2749 844 2832 (de
868 2749 914 2810 rit.
931 2749 1038 2810 eccles.
1058 2749 1088 2808 2.
1105 2747 1173 2826 40.)
1192 2768 1230 2810 ex

29 2821 156 2893 Nauelero
183 2835 276 2898 refert
297 2839 335 2898 ad
354 2857 402 2900 an.
424 2835 516 2898 1240.
535 2835 712 2916 Gregorinm
732 2837 781 2900 lX.
805 2835 964 2913 statuisse,
990 2838 1026 2896 ad
1051 2835 1183 2913 corporis
1202 2844 1231 2896 et

30 2917 164 2992 sanguinis
181 2921 296 2986 Chr-isti
318 2923 569 2986 consecrationem
595 2943 755 3004 campanas
780 2922 909 3004 pulsari,
934 2941 977 2985 sc.
1001 2929 1033 2982 ut
1048 2921 1175 3001 populus
1191 2923 1231 2984 ad
1310 2985 1317 2996 ,

31 3004 266 3074 eruoteeteurtum
286 3015 488 3076 admoneatur.
518 3010 664 3074 Pontificii
682 3031 750 3074 tero
770 3009 949 3072 mentiuntur
965 3008 1094 3088 egregie,
1108 3011 1229 3095 ⁸quando

30 3082 55 3142 5¹¹
68 3087 167 3170 Synod.
183 3098 269 3162 Trid.
288 3099 374 3162 S'css.
392 3101 442 3162 13.
460 3101 489 3162 5.
507 3099 616 3161 cultum
640 3099 744 3162 latriae
762 3096 894 3160 exhiberi
910 3099 946 3161 ab
964 3097 1098 3158 omuibus
1119 3095 1231 3157 Christi
1287 3139 1293 3156 .

32 3168 147 3268 fidelibus
162 3205 215 3265 pro
239 3207 320 3250 more
350 3188 380 3250 in
397 3187 543 3260 catholica
567 3186 694 3250 ecclesia
716 3207 831 3268 semper
854 3192 971 3266 recepto
996 3184 1144 3259 scribant,
1172 3181 1231 3244 uisi

32 3260 54 3318 ll
74 3268 204 3346 papicolis
228 3274 332 3355 largiri
357 3275 448 3354 velis,
475 3278 571 3357 quod,
599 3295 635 3338 ne
652 3275 720 3358 qnid
737 3273 974 3352 dissimulemus,
1000 3277 1178 3340 subnectunt
1195 3273 1231 3332 de

35 3348 158 3420 catholica
181 3363 317 3440 ecelesia,
347 3363 371 3435 si
394 3385 450 3428 rox
467 3356 571 3446 nempe
587 3363 732 3426 catholica
756 3374 888 3426 sumatur
909 3357 1076 3443 leyops'rme
1092 3359 1122 3421 in
1140 3379 1232 3422 sensu

35 3430 175 3535 famosiori.
203 3443 435 3556 ltprolaeprice
451 3451 631 3534 superstitio,
649 3472 708 3514 una
725 3471 791 3514 cum
810 3449 933 3532 reliquis
951 3446 1231 3525 abominationibus,

36 3529 117 3604 utrque
133 3553 195 3598 cum
213 3538 365 3617 catholica,
384 3541 412 3602 h.
430 3561 466 3616 e.,
483 3557 605 3602 romana
621 3539 758 3618 ecclesia,
783 3547 877 3602 ortum
893 3535 1005 3612 habuit,
1022 3533 1146 3598 simulac
1166 3533 1231 3596 etb-

36 3605 158 3681 uieismns
182 3644 247 3690 cnm
274 3626 493 3690 christianismo
525 3627 771 3692 commisceretur.
835 3627 866 3688 ld
897 3644 1013 3706 quoque
1042 3621 1231 3684 verissimum
1306 3681 1309 3696 .
1345 3627 1351 3695 ss

38 3706 89 3794 ⁰9¹³
109 3709 252 3789 rapientes
270 3715 430 3784 acerrimos
446 3717 549 3778 harum
572 3715 814 3797 superstitionum
831 3711 1003 3776 ‹lefensores
1021 3730 1136 3790 semper
1153 3706 1231 3770 extl·
1283 3789 1285 3794 s

39 3788 110 3866 hese,
127 3809 223 3864 eontra
245 3802 459 3865 institutionem
478 3803 586 3866 Christi
604 3813 632 3866 et
645 3804 753 3886 prexia
772 3799 899 3883 purioris
918 3797 1074 3860 ecclesiae.
1119 3796 1231 3877 Gourg.

40 3866 194 3965 Cassander,
209 3890 259 3972 qui
275 3889 428 3972 Liturgias
447 3891 583 3956 Veterum
603 3889 830 3972 diligentissime
852 3885 984 3966 collegit,
1001 3887 1032 3946 in
1050 3881 1231 3951 Graecorum

42 3963 64 4016 ll
76 3960 232 4042 Latinorum
249 3979 368 4060 scriptis
383 4000 421 4040 ne
435 3969 495 4062 ypr'r
511 3979 626 4060 quidem
653 3981 690 4040 de
705 3978 876 4042 adoratione
891 3969 947 4036 hac
970 3973 1098 4050 invenit,
1124 3973 1232 4054 qnippe
1274 4013 1275 4018 κ
1369 3987 1377 4012 ’

42 4061 112 4120 tttm
130 4057 253 4132 ecclesia
271 4067 433 4129 orthodoxa
448 4067 478 4128 io
496 4075 586 4128 totum
601 4066 759 4147 ignorarit.
797 4064 954 4126 Adducunt
977 4061 1116 4142 pontificii
1132 4061 1232 4124 locutu

44 4146 73 4191 ιιι
85 4134 347 4237 Pseudo-Dionysio
366 4153 554 4237 Areopagita,
571 4153 727 4218 Hierarclu.
745 4151 851 4216 eccles.
866 4169 893 4214 c.
911 4149 1093 4223 &obern
1111 4168 1233 4212 mouera
1303 4235 1304 4238 Ἴ

44 4224 154 4317 Ριιιίῐιιι
169 4243 300 4317 ostendit,
320 4243 370 4304 ubi
383 4244 577 4324 Pachymeros
590 4242 659 4324 ejus
672 4239 872 4304 Scholiastes:
889 4231 940 4298 ὑπ’
960 4229 1035 4315 ὄψιν
1051 4229 1127 4318 ἄγει.
1162 4234 1232 4312 Sed,

46 4319 68 4362 ⁸¹
84 4327 133 4390 lla
147 4319 199 4386 luit
212 4327 348 4394 Patribus
363 4329 537 4394 orthodoxis
554 4329 677 4394 elevatio
694 4327 780 4410 panis
797 4337 825 4389 et
840 4323 1013 4402 reverentia,
1031 4328 1107 4404 quod
1125 4334 1232 4396 tamen,
1300 4331 1304 4338 '
1332 4391 1334 4398 ,

46 4408 99 4459 eum
119 4401 201 4477 firmis
223 4419 414 4485 destituamur
438 4417 634 4502 argumentis,
658 4417 689 4480 iu
714 4415 840 4480 medinm
862 4411 1072 4562 relinipgrimuu,
1097 4432 1155 4474 uon
1175 4407 1233 4469 luit
