2944 4898
158 167 283 238 xxxa.
311 169 337 236 J.
354 169 393 237 G.
408 167 557 256 Zentgrnr
574 175 612 240 de
625 173 732 240 ritibus
747 171 970 258 baptimalibus
986 193 1048 242 seo.
1064 172 1197 240 secundi.
1239 172 1288 243 tt
1396 121 1403 146 ι

53 346 199 416 lutileris
227 347 318 412 undis
349 349 496 428 extincto,
528 345 593 412 lie'o
625 350 703 415 sistit
731 371 885 434 nonamque
915 351 973 434 ipsi
1002 357 1124 432 generat
1152 349 1285 414 sobolem

54 435 254 518 baptismus,
279 440 405 500 amodo
430 449 587 500 memorato
610 439 724 501 Justioo
746 438 836 506 Mart.
848 441 877 520 *)
911 450 939 502 et
965 449 1033 522 post
1054 437 1133 500 hunc
1157 442 1194 501 ab
1220 439 1283 502 ire·

56 524 201 607 naeo**)
236 517 256 604 ἡ
292 524 337 595 εἰς
365 512 445 586 Θεὸν
467 519 666 608 ἀναγέννησις
689 527 864 608 appellator.
906 525 1108 609 adstipulatur
1130 521 1178 586 his
1203 525 1284 588 Ter-

60 611 226 690 tullianus,
249 619 378 674 itcrntnm
393 620 535 692 nostrum,
559 635 634 694 quae
650 615 682 674 in
698 637 776 696 aqna
791 615 831 694 lit,
854 614 1092 695 nntioitntcm***)
1109 633 1284 678 memorans.

59 697 250 762 Posterioris
268 700 387 780 generis
403 700 539 764 ridentur
556 723 622 764 esse
638 701 862 783 appellationes,
885 724 903 765 a
919 699 1115 780 Tertulliano,
1132 701 1283 764 Clemente

55 787 153 850 Alex.
171 795 199 848 et
217 795 439 850 constitutionum
455 792 681 870 apostolicorum,
699 791 726 850 si
741 793 797 852 bae
813 790 871 853 iam
883 800 978 854 aetate
991 790 1146 872 quicquam
1158 789 1284 852 valuerit

54 875 188 936 illarum
205 875 382 954 auotoritas,
406 885 527 938 auctore
545 877 656 957 passim
673 877 828 941 adhibitae.
866 877 1010 942 Nimirum
1027 877 1226 954 Tertulliano,
1250 883 1283 940 nt

57 972 96 1024 et
114 961 262 1024 Clementi
276 959 361 1026 Alex.
382 963 544 1044 apostolica
566 965 761 1028 denominatio
779 965 837 1027 divi
854 963 956 1041 Pauli,
981 963 1213 1028 circumcisionis
1230 985 1283 1028 sn-

57 1060 251 1128 nramentum
265 1053 388 1130 sigillum
404 1059 526 1114 iustitiae
541 1051 606 1128 iidei
621 1053 751 1116 vocantis
771 1055 870 1128 (Rom.
886 1051 917 1130 4,
938 1051 1001 1132 11),
1018 1073 1121 1116 ansam
1138 1052 1283 1134 praebuit,

53 1148 97 1199 nt
113 1146 252 1200 sanctum
274 1137 466 1219 baptismum,
493 1139 599 1222 quippe
616 1140 682 1202 nori
700 1140 829 1204 foederis
852 1148 1084 1218 sacramentnm,
1108 1143 1207 1202 eodem
1233 1161 1283 1202 re-

54 1236 172 1306 spectu
187 1229 363 1304 sipnuoulnnt
378 1227 442 1304 lirici
454 1226 489 1305 †)
508 1238 535 1288 et
550 1231 672 1306 elpidium
688 1221 940 1310 (oppnyidu††))
957 1228 1150 1310 appellarent.
1185 1227 1283 1290 Simili

52 1312 140 1374 illud
159 1311 243 1374 titulo
260 1323 344 1374 ornat
361 1313 455 1376 dictus
474 1321 696 1377 constitutionum
712 1319 1057 1396 apostolicorumauctor,
1075 1315 1126 1376 nbi
1145 1313 1228 1376 illum
1245 1317 1282 1378 ad

54 1402 117 1461 boc
136 1410 255 1481 tempos
272 1399 383 1462 referre
401 1401 574 1480 relis†††).
599 1392 748 1483 ¹Denique
772 1423 809 1466 ex
826 1401 984 1484 analogica
1007 1403 1108 1479 illius,
1133 1423 1207 1484 qnae
1224 1407 1280 1466 snb

53 1488 153 1570 primi
174 1487 305 1549 foederis
332 1489 503 1550 oeconomia
526 1490 678 1570 viguerat,
704 1489 935 1552 circumcisionis
959 1490 1109 1552 identitate
1134 1489 1280 1552 alostino

53 1578 156 1639 Mart.
174 1582 346 1638 armantem
363 1575 427 1639 sine
442 1585 562 1650 resectio,
586 1589 615 1640 ut
631 1600 663 1640 cn
679 1600 735 1638 nort
752 1581 914 1658 corporalis,
936 1600 1007 1658 qtrno
1023 1585 1052 1639 ia
1068 1598 1151 1638 ααιαο
1165 1577 1207 1653 pit,
1232 1579 1282 1640 scd

51 1661 455 1744 meritnotnsalutaturffl.
485 1701 528 1709 -
560 1665 587 1748 b.
612 1665 643 1727 2.
675 1665 842 1727 Praemisso
860 1665 1017 1726 multifaria
1038 1662 1281 1742 denominatione,

53 1749 128 1832 ipse
148 1751 229 1812 sacri
247 1751 382 1831 baptismi
400 1763 483 1814 actus
500 1752 620 1834 propius
639 1752 869 1816 considerandus
887 1762 940 1816 est.
973 1752 1058 1829 Quod
1076 1753 1112 1813 ad
1129 1751 1281 1814 materiam

54 1837 206 1900 salutaris
222 1839 310 1902 buius
327 1840 437 1902 lavacri
454 1840 572 1918 attinet,
597 1839 708 1922 liquido
728 1849 857 1916 constat,
883 1839 1036 1903 ecclesiam
1061 1839 1209 1920 primaeva
1225 1840 1281 1902 bac

54 1937 161 1988 aetate
178 1927 325 2008 puriorem
342 1929 437 1994 adbuc
453 1927 675 2010 divinorumque
691 1931 728 1991 ab
742 1926 883 2010 apostolis
899 1927 956 1990 sibi
973 1926 1142 1991 traditorum
1156 1929 1280 1990 manda·

56 2023 163 2074 torum
180 2013 379 2077 fidelissimam
396 2017 543 2078 custodem
565 2037 622 2078 non
639 2015 695 2078 nisi
720 2037 823 2097 aquam
848 2016 879 2078 iu
896 2015 1046 2078 ablutione
1070 2015 1125 2076 bac
1142 2015 1281 2078 adbibere

58 2101 260 2163 consuevisse
276 2101 365 2184 idque
382 2107 419 2165 ad
436 2123 567 2165 normam
585 2103 775 2166 institutionis
794 2101 983 2184 dirinae†**)
1006 2109 1035 2164 et
1061 2123 1188 2184 praxeos
1205 2123 1280 2185 apo·

60 2185 298 2268 stolicae†***),
323 2210 409 2272 quam
427 2189 551 2254 sollicite
567 2194 712 2256 servabat.
736 2192 902 2272 'Expressa
915 2191 985 2252 bino
1002 2188 1207 2252 Tertullianus
1225 2213 1279 2254 nos

55 2275 94 2336 iu
113 2295 193 2356 aqna
208 2275 292 2338 nasci
316 2281 510 2358 testatur*†),
535 2300 659 2360 quocum
676 2280 809 2342 lustinus
825 2279 914 2342 Mart.
939 2277 1100 2352 consentit,
1125 2277 1279 2358 baptizan-

57 2366 118 2424 dos
136 2383 191 2440 eo,
214 2364 266 2426 ubi
284 2383 362 2447 aqua
378 2367 431 2444 sit,
457 2366 562 2429 deduci
586 2367 685 2448 ibique
703 2365 783 2429 ablui
803 2366 906 2428 solitos
923 2365 1020 2426 fuisse
1036 2364 1193 2444 perhibens
1204 2365 1279 2442 Ἢ).

54 2452 232 2532 Addamus,
260 2453 287 2514 si
303 2454 448 2536 sequioris
464 2454 528 2518 aeni
553 2464 581 2516 et
597 2453 714 2536 quidem
731 2476 789 2516 uon
805 2454 893 2536 plane
911 2473 969 2514 non
985 2451 1135 2514 sublestae
1150 2449 1216 2514 fidei
1234 2459 1278 2514 te-

55 2691 123 2739 ται,
145 2672 288 2754 spectum
308 2671 341 2726 δι’
364 2663 398 2757 οὗ
414 2672 445 2728 τὸ
471 2679 550 2730 θεῖον
571 2675 764 2758 ὀξμωιιοῦμιν,
800 2677 862 2730 item
882 2677 958 2746 paulu
980 2681 1056 2730 onte:
1085 2667 1279 2744 βαπτιζόμενοι

56 2743 461 2884 φωτζζςμίειιθῖροᾞζῖἵῗνῗιῗ
480 2747 745 2869 iginiiividiiiiur.
762 2813 857 2866 ἔπειτα
883 2808 1001 2882 ι’ίγονται
1027 2807 1074 2896 ὑφ’
1103 2807 1182 2881 ἡμῶν
1208 2809 1279 2864 ἔνθα

57 2875 138 2965 11,de
164 2879 239 2963 decl,
265 2883 312 2933 ant
339 2875 444 2952 τρόπον
464 2877 684 2952 ἀναγεννῆσεως,
713 2881 746 2936 ὃν
767 2883 814 2934 καὶ
838 2879 916 2954 ἡμεῖς
941 2879 1020 2933 αι’-τοὶ
1045 2874 1278 2950 ανεγεννὴθημιν,

60 2967 121 3001 ανιι
143 2965 287 3005 εννωνται.
471 2977 481 3010 2

123 2967 174 3102 ζῆ
192 3032 269 3088 quem
286 3022 345 3072 vide
363 3023 457 3078 leuat.
476 3025 534 3078 adv.
552 3024 652 3078 boenes.
668 3023 712 3079 21.
731 3037 757 3089 p.
771 3021 814 3073 93.
834 3021 875 3071 od.
895 3019 1080 3071 Messenii:
1100 3016 1146 3067 ael
1165 3011 1206 3068 ὅτι
1224 3016 1279 3086 μὲν

60 3089 99 3148 τῖς
119 3087 269 3159 dioprasii
290 3091 339 3141 τοῦ
358 3093 563 3159 βαπτίσματος,
590 3091 636 3154 τῆς
660 3093 697 3148 εἰς
717 3087 788 3142 Θεὸν
811 3080 1019 3156 ἀναγεννήσεως
1042 3085 1089 3136 καὶ
1111 3079 1208 3154 ,πάσης
1233 3087 1279 3148 τῆς
1311 3131 1313 3138 .

60 3151 342 3277 αἰατεωςλοίιτόθεσιν
360 3153 543 3228 ὑποβέβληται
563 3157 593 3212 τὸ
613 3154 685 3218 εἶδος
703 3159 751 3211 τοῦ
772 3154 827 3211 ὑπὸ
847 3159 895 3210 τοῦ
913 3155 1037 3221 Σατανᾶ,
1057 3153 1213 3224 ἐλέγχοντες
1232 3149 1279 3206 αὖ·

58 3245 109 3280 τον
148 3245 209 3284 ατ.

114 3240 190 3366 cm)
213 3297 245 3346 de
264 3297 382 3364 baptism.
402 3316 461 3366 cap·
480 3301 505 3352 1.
529 3317 553 3368 p.
573 3298 634 3352 457.
656 3299 697 3350 cd.
719 3298 843 3363 anolii,
862 3297 948 3350 Paris.
973 3295 1049 3348 1583.
1071 3296 1115 3346 ubl
1134 3294 1214 3348 dicit:
1233 3293 1281 3344 secl

60 3383 108 3416 nos
121 3367 249 3433 piscinule*
264 3367 404 3418 secudum
421 3369 507 3436 epatu
526 3357 639 3420 nonium
659 3373 745 3420 Iesum
765 3368 938 3420 Christiania
958 3381 1028 3434 ομνια
1050 3365 1190 3418 nunciatur.
1224 3365 1279 3414 Nec
1304 3396 1307 3403 -

63 3437 154 3501 aliter,
213 3453 255 3485 nm
273 3437 301 3486 in
319 3453 391 3504 apua
406 3439 582 3504 permanendo
600 3439 670 3489 salui
685 3455 781 3490 sumum
847 3469 849 3474 ν

130 3453 427 3570 'stilertultisnns
448 3509 480 3557 de
503 3508 644 3574 spectacul.
661 3508 689 3559 4.
710 3524 735 3574 p.
756 3507 818 3564 251.
840 3507 905 3558 base
927 3505 1022 3560 bobeta
1049 3503 1087 3554 ad
1106 3501 1278 3568 pnr'ncipniem

63 3575 247 3626 emunitatem
265 3583 401 3626 cenoman·
417 3578 500 3642 ipsius
516 3577 651 3641 signaculi
667 3577 759 3630 somni.

130 3645 185 3709 ††)
207 3643 329 3694 videatur
347 3641 498 3697 Clemens
516 3647 565 3700 At.
584 3645 610 3697 io
628 3645 712 3698 libror
732 3646 789 3712 quis
806 3644 877 3694 dines
895 3635 1012 3693 soluitur·
1032 3641 1112 3710 §.ta
1134 3639 1213 3709 pst.
1234 3639 1277 3692 sd.

67 3710 151 3777 litiga
172 3711 239 3762 adde
257 3711 439 3766 Eusebium
456 3715 516 3768 bist.
534 3716 594 3768 eccl.
613 3713 639 3778 3,
658 3714 701 3770 23.
856 3740 863 3755 ·

132 3782 208 3846 †††)
229 3781 372 3850 baptismus
384 3785 502 3847 sigillum
513 3783 618 3834 nmini
633 3782 780 3850 adpellutm·
792 3797 823 3834 nc
837 3782 949 3834 dicitur:
969 3782 1070 3850 Σίμων
1088 3773 1102 3831 ὁ
1120 3767 1211 3845 μάγος
1229 3770 1279 3838 11²¹

66 3847 95 3899 dv
111 3851 208 3914 Κυρίῳ
229 3849 374 3918 σφραγῖδα
393 3848 489 3914 ἔλαβον
508 3853 541 3915 2,
556 3852 597 3904 14.
620 3867 645 3916 p.
664 3853 725 3906 224.
745 3859 804 3904 tom.
824 3849 849 3902 l.
867 3860 941 3915 patr.
959 3859 1043 3916 spect.
1063 3847 1197 3902 Cotslcnii.

130 3920 181 3983 †*)
201 3918 229 3972 in
246 3919 348 3982 dialog.
361 3933 417 3970 οιιιιι
429 3921 555 3987 Trppbon.
576 3921 673 3987 pant.
686 3920 723 3972 ita
735 3919 842 3970 scribit:
861 3915 947 3987 ἡμεῖς,
966 3920 993 3972 oi
1012 3913 1058 3970 desi
1076 3909 1175 3970 τούτου
1192 3927 1279 3983 προσ-

64 3981 237 4051 χωρήσαντας
262 3987 299 4052 τῷ
324 3987 398 4052 Θεῷ,
425 3985 457 4040 οὐ
483 3981 583 4052 ταύτην
610 3985 659 4054 τὴν
685 3983 754 4040 κατὰ
781 3980 870 4056 σάρκα
896 3980 1091 4057 παρελάβομεν
1116 3981 1279 4054 περιτομὴν,

67 4051 133 4105 ἀλλὰ
153 4053 357 4123 πνευματικὴν,
375 4051 411 4121 ἣν
427 4053 510 4124 Ενώχ
528 4058 575 4107 καὶ
593 4057 620 4110 oi
639 4053 733 4126 ὅμοιοι
752 4049 903 4124 ἐφύλαξαν.

131 4123 199 4192 1³⁴¹)
220 4127 268 4176 boe
289 4126 356 4176 enim
378 4127 489 4193 produnt
508 4127 589 4178 venbn
609 4126 779 4178 institutionis
798 4128 897 4181 Mattio.
914 4127 958 4190 28,
980 4127 1023 4181 te.
1044 4127 1104 4178 coll.
1133 4125 1191 4178 lod.
1208 4126 1233 4190 3,
1251 4123 1277 4176 5.

126 4193 214 4316 πθ)
237 4195 311 4248 euius
330 4195 464 4250 luculente
484 4196 602 4263 extmplo
622 4197 675 4250 rid.
694 4195 876 4260 Actumbdti‘.
889 4195 988 4262 38310,
1002 4193 1086 4262 disq.
1109 4196 1151 4262 lb,
1171 4195 1213 4248 13.
1234 4193 1276 4245 15.

65 4270 91 4316 ct
110 4277 144 4316 οι
163 4264 184 4316 1.
1166 4275 1169 4280 ·

129 4329 178 4401 *†)
200 4332 240 4384 uit
256 4331 324 4382 enim
341 4333 395 4382 Ιοοο
415 4339 493 4385 antea
509 4334 606 4384 citato.-
625 4349 672 4384 ιιοι
688 4331 811 4398 pisciculi
825 4331 854 4381 ιἰι
875 4349 946 4401 apua
965 4331 1105 4387 nascimur.

128 4401 191 4471 ”⁴11
211 4403 262 4458 lot·
280 4401 324 4458 citt
344 4397 438 4456 tanco
456 4396 574 4471 dymno
593 4395 640 4471 ὑφ’
661 4396 743 4471 ἡμῶν
759 4397 830 4453 ἔνθα
849 4395 926 4471 nidva
943 4398 1002 4452 dani
1020 4400 1077 4454 aad.
