2944 4890
254 258 307 320 'de
324 254 381 318 ritu
399 249 563 340 sepeliendi
578 257 709 328 maduit
726 275 774 340 sp.
793 261 860 324 teil.
877 251 1073 322 Christianos.
1208 255 1273 331 851

55 431 119 494 rins
144 426 223 497 Vlll.
243 428 339 496 Pisis.
362 465 406 480 -
436 432 627 499 Innocentius
649 434 702 499 lii.
734 433 873 498 Urbanus
898 432 947 500 tv.
969 442 999 496 et
1020 433 1199 499 Benedictus
1222 439 1275 506 ttt.

54 519 212 585 Perusiae.
237 554 279 569 -
302 521 493 584 innocentius
510 523 561 587 lV.
585 523 720 605 Neapoli.
740 554 784 570 -·-
807 520 977 585 Alexander
993 521 1042 586 lV.
1068 522 1206 587 Clemens
1225 527 1276 592 lV.

54 607 229 670 Hadrianus
249 608 283 674 V.
307 617 336 670 ct
353 610 484 673 ioannes
505 611 583 674 xxt.
607 611 738 678 Viterhii.
763 647 801 660 -
831 609 996 691 Gregorius
1014 607 1066 672 tx.
1090 611 1208 674 Arretii.
1237 649 1275 661 «-

55 694 249 759 Caelestinus
266 696 303 760 V.
327 700 404 778 apud
421 698 454 760 S.
470 699 627 762 Antonium
646 701 683 761 de
698 698 868 761 Ferentino.
883 733 928 746 -—
950 697 1087 760 Clemens
1107 698 1140 761 V.
1158 701 1276 763 Burde-

53 785 156 864 galae.
171 819 215 830 -
230 785 360 848 loannes
372 785 466 849 xxti.
483 787 661 850 Benedictus
674 786 740 850 Xll.
756 785 946 848 Innocentius
958 785 1007 851 Vl.
1024 797 1052 850 et
1063 783 1201 850 Clemens
1211 785 1275 855 vtt.

54 873 206 954 antipapa,
223 872 384 937 Arenioue.
401 905 443 922 -
470 873 607 937 (tenens
625 874 672 938 Vl.
689 874 719 934 in
736 873 914 938 monasterio
931 891 1020 936 casae
1035 873 1092 936 Dei
1110 874 1140 936 in
1157 875 1275 942 Galliis.

57 997 96 1011 -
128 959 268 1023 Urbanus
286 959 322 1024 V.
348 960 504 1024 Massiliae
527 965 563 1024 ad
588 971 721 1024 sanctam
747 961 902 1028 Victorem.
925 993 969 1007 -
993 961 1171 1026 Benedictus
1195 961 1275 1029 xltt.

53 1047 262 1112 Panischoiae.
281 1080 319 1096 «-
337 1047 505 1130 Gregorius
521 1049 588 1112 xtt.
605 1049 759 1114 Reeaneti.
775 1071 820 1098 .;.
834 1049 1002 1113 Alexander
1018 1047 1052 1112 V.
1070 1051 1231 1115 bononiae.

147 1136 317 1216 Capillli.
346 1136 399 1199 lic
423 1139 681 1200 coemeteriis
703 1149 814 1202 extra
839 1138 971 1200 urbes.
1001 1137 1122 1202 Praeter
1140 1139 1274 1204 Romana

54 1224 234 1286 coemeteria
259 1223 321 1286 alia
343 1223 374 1286 in
401 1226 536 1288 omnibus
561 1225 744 1302 ciuitatibus,
773 1229 824 1288 uhi
849 1225 1010 1288 Christiani
1035 1237 1151 1305 esseut,
1183 1229 1275 1292 muita

54 1307 179 1374 fuerunt
197 1322 225 1372 et
242 1312 417 1393 praesertim
434 1324 517 1376 extra
533 1315 634 1377 urbes.
668 1313 899 1396 chrysostomus
916 1313 991 1376 enirn
1016 1313 1060 1391 (in
1077 1335 1159 1378 seran
1175 1319 1208 1378 ds
1221 1315 1276 1393 fids

54 1411 81 1462 et
97 1403 166 1478 ispa)
184 1399 242 1461 ait:
265 1419 402 1476 „omnem
419 1401 562 1462 ciuitatem
581 1412 609 1464 et
625 1421 711 1464 ornus
727 1399 879 1464 rastellum
898 1413 964 1463 ante
980 1400 1148 1480 ingressum
1165 1402 1274 1466 hahere

54 1485 235 1569 sepulcra.“
268 1489 313 1548 De
326 1489 506 1552 coemeterio
522 1489 723 1552 Alexandrino
741 1488 920 1552 Athanasius
944 1487 988 1566 (in
1006 1491 1136 1568 apolopio
1153 1492 1187 1551 do
1204 1493 1274 1571 [upa

53 1579 143 1650 suo)=
170 1573 233 1653 „lu
250 1575 435 1640 hebdomoda
461 1589 528 1658 post
544 1597 658 1640 sarram
678 1587 874 1657 pentecostem
901 1573 1030 1656 populus
1058 1576 1209 1657 eompletis
1224 1579 1275 1660 je·

50 1663 149 1746 juniis
172 1665 210 1724 ad
232 1666 375 1728 orandum
400 1667 436 1727 ad
455 1665 659 1728 coemeterium
678 1665 782 1727 abiit.“
817 1664 862 1725 Iis
877 1661 1061 1730 Antiocheno
1086 1665 1273 1746 (Enragrius

54 1752 125 1813 bist.
140 1748 215 1813 eccl.
230 1750 260 1828 l,
275 1751 353 1830 iti.):
370 1751 498 1833 „ignatii
515 1771 585 1816 ussa
596 1753 772 1830 robustiora,
784 1757 865 1834 ‘quae
879 1749 981 1814 relicta
993 1752 1111 1814 lucrant
1126 1771 1144 1815 a
1161 1754 1274 1833 bestiis,

54 1837 242 1900 Antiochiam
260 1839 414 1920 deportata
444 1853 474 1902 ct
496 1841 526 1902 in
549 1841 755 1904 coemeterium
771 1838 890 1902 condita
912 1843 1012 1902 sunt.“
1057 1840 1190 1904 'l'hotnac
1207 1842 1274 1924 Syri

54 1926 111 1989 riri
129 1925 224 1990 sancti
242 1945 351 2006 eorpus
368 1927 486 2007 publicu
502 1927 614 1992 honore
632 1939 660 1992 ct
677 1947 781 2010 pompa
797 1927 981 1990 Antiochiam
999 1925 1136 2006 dolatum,
1154 1928 1185 1990 in
1203 1949 1275 1992 cue·

54 2009 178 2077 suetonio
195 2014 342 2078 eonditum
361 2023 416 2091 ost,
433 2025 465 2077 nt
482 2013 631 2096 Euagrius
649 2015 682 2095 (Ι.
699 2017 719 2079 Ι.
730 2015 765 2094 A,
782 2016 846 2094 35.)
864 2015 905 2079 ita
921 2027 1140 2080 commemorat:
1165 2017 1275 2094 „Tho-

56 2121 139 2178 mas,
165 2101 278 2183 Syrus,
301 2101 347 2164 sir
363 2114 504 2180 sanctus,
531 2123 597 2166 rum
615 2115 824 2182 reverteretur,
847 2101 877 2164 in
895 2103 1032 2185 hospitali
1050 2105 1275 2184 aegrotantium,

55 2193 135 2271 quod
151 2189 183 2250 in
200 2189 344 2252 suburbio
361 2191 485 2272 Daphne
504 2202 558 2268 est,
575 2194 613 2254 ud
629 2189 881 2273 incorruptibilem
897 2191 984 2254 vitam
1004 2191 1146 2256 transivit.
1179 2193 1277 2274 Cujus

54 2293 168 2360 cerpus
190 2276 220 2338 io
247 2277 428 2358 sepulturam
455 2291 619 2342 exterorum
639 2287 837 2360 asportarunt.
877 2277 934 2340 Hic
953 2276 1018 2339 com
1043 2297 1121 2339 unns
1144 2290 1174 2341 ct
1199 2280 1276 2341 alter

55 2373 126 2447 post
144 2366 242 2445 ipsunt
267 2365 377 2446 sepulti
396 2377 513 2441 essent,
537 2385 646 2448 corpus
668 2366 764 2448 ipsius
783 2383 899 2445 semper
915 2377 1007 2445 supra
1029 2362 1097 2426 iilos
1113 2364 1275 2446 insontum,
1363 2413 1368 2418 .

54 2456 123 2517 Dee
139 2454 185 2514 sic
200 2452 356 2516 martimum
374 2453 546 2517 miraculum
562 2465 627 2534 pust
644 2465 762 2515 mortem
780 2473 896 2534 quoque
912 2449 995 2513 illius
1011 2453 1125 2514 edente.
1147 2452 1275 2534 Reliqua

55 2541 139 2604 enim
164 2543 308 2602 cadauera
339 2543 589 2604 submovebautur
614 2539 733 2622 longius
758 2561 794 2602 ae
818 2537 1047 2620 repellebantur.
1089 2539 1275 2604 Admirantcs

54 2630 160 2710 itaque
184 2627 299 2690 incolae
326 2627 494 2710 Ephruemo
521 2629 661 2711 episcopo
687 2649 747 2691 rem
772 2623 922 2692 nunciant.
968 2628 1046 2690 Tum
1074 2649 1143 2692 sero
1171 2649 1275 2693 sacro-

55 2726 193 2780 sanctum
217 2714 301 2778 illius
322 2737 432 2798 cerpus
452 2715 571 2798 publico
590 2717 700 2780 lrenore
721 2727 748 2779 et
768 2735 872 2797 pompa
891 2715 1075 2778 Antiochiam
1096 2718 1276 2780 transierunt

53 2806 146 2887 inque
163 2803 337 2878 coemeterio
357 2809 494 2882 condunt,
518 2807 595 2866 undo
614 2815 643 2868 et
659 2803 781 2886 pestifer
799 2805 930 2878 morbus,
954 2803 1003 2884 qui
1023 2814 1081 2865 turn
1099 2801 1274 2886 invaluerat,

54 2894 136 2955 lacta
152 2891 208 2953 hac
225 2889 428 2971 translatione,
446 2892 565 2975 quierit.
597 2891 734 2954 Annuurn
751 2911 867 2974 quoque
881 2890 963 2952 iliius
979 2890 1086 2952 festum
1102 2887 1276 2952 Antiocheni

56 2983 95 3043 nd
112 2980 194 3042 huno
210 2995 305 3062 usque
323 2979 398 3042 diem
415 2979 572 3060 magnifice
588 2981 769 3043 cclehran1.“
796 2978 984 3059 Augustinus
1002 2977 1118 3062 (sphi.
1134 2980 1274 3042 oddara·-

55 3073 127 3131 iirtnt
149 3074 233 3148 spise.
252 3071 513 3150 Oortitupinsttscm)
550 3068 707 3131 ebrietates
733 3075 762 3130 et
786 3066 940 3129 luxuriosa
965 3063 1117 3139 convivio,
1145 3087 1221 3146 quae
1244 3067 1276 3129 ia

56 3154 253 3234 coemeteriis,
270 3166 415 3238 tamquam
429 3169 585 3238 martyrum
599 3156 704 3218 ‘honori
723 3165 752 3217 et
767 3166 945 3218 mortuorum
962 3151 1066 3218 solatio
1082 3152 1276 3234 habebantur,

55 3245 230 3306 detestatur.
264 3245 311 3305 Iis
330 3243 505 3306 coemeterio
522 3245 787 3326 Augustudnnensi
805 3242 970 3324 Gregorius
990 3243 1105 3303 Toron.
1119 3243 1171 3322 (ds
1184 3244 1276 3320 dorio

53 3333 177 3407 confms.
192 3351 256 3411 cop.
270 3333 346 3412 tn).
380 3331 615 3410 ‚,Coenteteriurn
632 3334 710 3413 apud
728 3307 1027 3412 Augustodnnensern
1044 3332 1144 3392 urbem
1160 3326 1277 3391 Gallica

55 3415 162 3500 lingua
178 3417 325 3497 vocitarit,
347 3439 392 3498 ou,
412 3423 488 3502 quud
505 3420 547 3484 ibi
563 3420 673 3484 fuerint
690 3417 845 3482 multorum
863 3418 1010 3481 hominum
1026 3420 1172 3480 cadauera
1188 3415 1276 3477 lune-

54 3516 131 3584 rata,
150 3506 230 3569 inter
247 3527 341 3588 quse,
360 3513 437 3589 qued
462 3507 522 3572 sint
540 3511 722 3592 quorundam
741 3507 870 3572 fidelium
891 3508 1107 3588 dignarumque
1127 3505 1189 3566 Deo
1208 3502 1276 3564 ani·

54 3613 170 3658 marum
190 3594 348 3674 sepulcra,
375 3595 516 3676 frequens
541 3594 656 3659 occulte
674 3595 861 3677 psallentium
881 3594 1050 3678 mysterium
1069 3595 1164 3655 docet.
1200 3591 1276 3654 Nam

54 3681 169 3758 audiri,
189 3684 266 3762 quod
287 3685 345 3744 duo
362 3703 399 3746 ex
416 3682 523 3746 incolis
541 3684 608 3762 loci,
628 3686 695 3747 dum
713 3683 780 3746 loca
797 3694 900 3746 sancta
917 3682 1018 3744 orandi
1038 3680 1133 3761 gratia
1150 3679 1276 3766 circuire

54 3771 266 3852 disponerent,
292 3770 415 3834 audiunt
435 3771 466 3831 ia
486 3773 611 3834 basilica
633 3771 728 3834 sancti
753 3769 911 3852 Stephani,
936 3791 1011 3853 quae
1031 3769 1100 3830 huie
1120 3767 1277 3849 conjuncta

54 3873 103 3921 est
128 3857 321 3936 coerneterio,
356 3857 545 3939 psallentium
565 3862 702 3922 sonum.“
738 3860 872 3921 Fuerunt
895 3857 925 3918 in
952 3857 1083 3938 singulis
1109 3855 1276 3920 civitatibus

55 3943 198 4026 duplicia>
215 3945 407 4025 coemeteria,
435 3949 655 4028 peregrinorum
676 3957 705 4010 et
729 3947 854 4026 cisium,
878 3948 956 4028 quod
981 3944 1102 4026 exponit
1126 3943 1287 4026 ansgotus,

54 4034 142 4118 (hist.
160 4031 233 4096 eccl.
248 4029 280 4107 4,
297 4035 374 4113 ab).
421 4035 557 4098 Ceterum
577 4037 612 4098 de
631 4033 814 4098 coemeteriis
833 4034 863 4095 in
882 4053 991 4114 genere
1010 4053 1063 4115 per
1081 4050 1183 4097 omnes
1201 4033 1277 4099 uiri·

55 4133 132 4185 tates
151 4120 243 4182 multa
260 4138 350 4201 supra
368 4120 504 4200 diximus,
525 4143 600 4206 quae
614 4143 695 4185 nunc
709 4135 841 4203 repetere
859 4122 953 4185 selas.

145 4205 313 4290 canxtv.
344 4205 1276 4288 Defestivitatibus,sacrifieiisctoblntioniirus

52 4296 269 4363 memorius
294 4306 533 4361 sanctorum.
570 4294 657 4381 Apud
684 4308 798 4360 veteres
824 4305 923 4378 patres
941 4297 971 4359 io
997 4309 1153 4381 martyrum
1171 4297 1277 4358 dicbus

50 4385 142 4452 iestis
162 4384 329 4450 oblationes
353 4393 380 4449 ei
399 4383 545 4450 sacrificia
563 4385 626 4450 heri
646 4386 733 4449 solita
752 4385 856 4464 inisse,
875 4385 986 4450 inhient
1002 4386 1149 4466 Origenes
1167 4385 1229 4464 (tro.
1246 4385 1278 4448 3.

52 4482 84 4542 in
100 4474 237 4555 debeam
257 4473 401 4557 „Antiqui
419 4474 502 4542 diem
513 4475 672 4544 nativitatis
689 4474 888 4560 celebrabant,
906 4493 995 4540 unam
1012 4474 1099 4541 ritanr
1117 4469 1276 4550 diligentes
