2968 4896
489 1110 495 1120 ι
553 1053 776 1142 XXXVI.

52 1275 171 1362 Aut.
211 1273 351 1361 Frid.
391 1273 660 1388 Biisching
702 1275 756 1362 de
786 1275 1161 1388 procrastinatione
1189 1281 1271 1362 ba-

208 1407 350 1552 ptismi
381 1411 493 1522 apud
522 1425 689 1498 veteres
719 1413 894 1530 ejusque
922 1413 1117 1528 caruis*).

138 1665 168 1750 ᾗ.
194 1665 225 1726 l.
259 1662 480 1726 Tractationem
505 1666 541 1726 da
559 1661 695 1746 baptismi
721 1665 800 1744 apud
819 1672 932 1726 veteres
950 1665 1155 1746 procrastinati
1172 1665 1272 1731 causis

55 1752 96 1813 sie
120 1751 294 1827 instituam,
320 1761 353 1812 nt
378 1752 502 1832 primum
527 1755 562 1814 de
586 1752 849 1834 procrastinatione
874 1751 1010 1833 baptismi
1035 1753 1101 1836 ipsa
1124 1755 1272 1838 variisque

51 1841 190 1922 ¹ejusdem
207 1839 364 1920 speciebus
376 1859 473 1920 agam,
492 1859 613 1921 eamque
626 1839 805 1921 antiquitatis
818 1841 998 1902 documentis
1012 1844 1129 1924 probem
1141 1865 1149 1919 3
1168 1843 1272 1904 deinde

55 1949 121 1990 rere
140 1948 253 1990 causas
271 1927 401 2008 ejusdem
421 1927 546 2008 potiores
564 1927 721 2008 diligenter
736 1927 893 2008 inquiram,
914 1947 1036 1990 examen
1054 1931 1210 1992 earundem
1228 1929 1272 1992 si-

56 2015 112 2076 mui
132 2015 314 2096 suscipiens.
332 2049 373 2062 -
397 2011 425 2097 b.
443 2015 473 2076 2.
496 2015 571 2077 Rem
588 2016 682 2096 ipsam
700 2013 851 2076 dilationis
868 2017 1048 2097 baptismatis
1064 2021 1143 2100 apud
1160 2029 1272 2081 veteres

54 2104 254 2184 probaturus,
280 2101 325 2162 sic
349 2121 454 2183 agam,
479 2112 510 2163 ut
534 2113 562 2164 et
578 2105 614 2163 de
630 2103 767 2165 dilatione
785 2103 920 2185 baptismi
937 2104 1082 2167 infantum
1106 2117 1133 2168 et
1150 2109 1185 2168 de
1202 2128 1279 2190 prog

56 2191 267 2252 crastiuatione
285 2189 420 2271 baptismi
439 2189 602 2251 adultorum
623 2191 794 2256 edisseram.
819 2226 863 2238 -
895 2187 922 2274 §.
941 2191 971 2256 3.
996 2192 1141 2256 intantum
1160 2193 1273 2276 baptis·

55 2300 131 2340 unm
142 2279 189 2356 ”t
206 2288 322 2342 vetares
340 2276 456 2339 differre
472 2277 622 2344 solebaott

144 2365 179 2443 l)
197 2373 233 2426 lo
249 2369 320 2428 diem
336 2367 513 2445 dominicum,
532 2387 617 2448 quam
636 2376 731 2428 tamen
748 2366 905 2447 imperator
923 2363 1133 2428 Constantinus
1149 2365 1192 2431 M.
1212 2369 1273 2449 pri-

54 2475 119 2516 mus
137 2453 299 2528 constituit,
318 2453 373 2514 hac
385 2451 504 2514 ratione
522 2465 628 2532 motus,
654 2453 724 2536 quia
741 2453 804 2516 dies
821 2453 868 2516 hic
883 2453 1091 2516 resurrectioni
1109 2454 1274 2516 Servatoris

54 2541 199 2604 solemnis
219 2552 246 2602 et
261 2541 331 2602 hino
343 2539 493 2620 spirituaii
510 2541 540 2601 iu
559 2541 676 2603 Christo
693 2541 910 2618 resurrectioni,
935 2543 1089 2622 baptismo,
1108 2541 1211 2603 merito
1229 2541 1274 2603 di-

6 2629 7 2634 ’
54 2640 193 2706 caretur3
221 2637 249 2690 et
274 2628 343 2710 quia
361 2639 430 2688 tuno
455 2627 688 2690 commodissime
710 2641 748 2691 'ac
773 2629 981 2690 decentissime
1005 2628 1096 2692 futuri
1114 2629 1275 2692 Christiani

55 2717 175 2798 corpori
192 2716 324 2798 mystico,
342 2717 418 2796 quod
437 2726 481 2777 est
497 2717 632 2794 ecclesia,
651 2717 859 2779 insererentur.
880 2717 925 2778 Ea
943 2717 1018 2778 enim
1037 2717 1084 2778 die
1100 2717 1171 2779 satis
1189 2739 1274 2798 mag-

53 2827 112 2867 nus
135 2825 276 2866 numerus
300 2801 449 2866 bominum
473 2824 531 2864 uno
558 2804 623 2864 loco
656 2806 692 2865 ad
720 2824 805 2866 sacra
831 2802 1006 2865 celebranda
1029 2817 1274 2884 congregatorum

53 2896 162 2969 adest,
187 2893 265 2952 unde
283 2897 311 2951 et
328 2890 357 2950 in
374 2912 488 2970 corpore
499 2893 558 2970 jur.
576 2912 638 2952 aon.
657 2891 818 2968 sancitum,
835 2890 896 2951 fieri
915 2893 1022 2951 debere
1040 2892 1115 2952 hanc
1131 2891 1274 2951 initiatio-

41 3001 122 3042 ‘nem
139 2979 173 3039 in
191 2975 320 3040 ecclesia
336 2998 390 3040 seu
408 2985 494 3038 coctu
510 2976 648 3055 fidelium,
673 2977 703 3038 in
722 2999 806 3058 quem
824 2977 1016 3057 baptizandus
1032 2975 1228 3057 reeipiendus,
1247 2984 1275 3037 et

53 3070 95 3130 ita
122 3067 226 3128 memte
252 3068 289 3127 ad
315 3075 476 3126 conventus
495 3063 726 3126 Christianorum
751 3064 889 3126 solennes
912 3061 1103 3125 differendum
1129 3062 1274 3142 essem).

54 3155 143 3234 Quod
163 3157 280 3214 omniuo
297 3155 514 3234 approbamus,
539 3151 595 3214 nisi
613 3151 692 3214 atiud
717 3153 840 3214 suadeat
856 3149 1029 3215 necessitas.
1064 3149 1170 3212 Primis
1189 3147 1273 3210 etiam

54 3241 170 3306 seculis
187 3241 275 3303 fiebat
292 3241 454 3321 baptismus
470 3251 626 3322 praesente
643 3240 761 3322 populo,
778 3239 827 3321 qui
844 3259 948 3322 preces
963 3259 1015 3320 pro
1033 3237 1204 3320 baptizando
1222 3259 1274 3300 so-

54 3331 149 3393 ciatas
168 3325 322 3407 fundebat,
340 3327 526 3407 Tertodiiano
544 3334 627 3392 teste.
663 3327 742 3412 Pace
760 3325 904 3390 ecclesiae
925 3348 976 3410 per
993 3325 1214 3390 Constantinum
1231 3325 1275 3387 M.

53 3417 202 3494 restituta,
226 3415 400 3498 baptismum
419 3415 534 3498 quidem
552 3436 610 3477 non
627 3415 658 3477 in
674 3415 800 3498 tempiis,
824 3418 875 3479 sed
894 3413 1015 3498 quaein
1035 3413 1150 3476 iliorum
1168 3411 1275 3475 vicinia

55 3515 141 3568 erant
158 3503 390 3586 baptisteriis†),
414 3503 549 3584 utigitur
567 3503 697 3583 proxime
712 3507 748 3566 ad
761 3501 819 3566 illa
835 3511 973 3586 peractus
990 3522 1025 3566 ac
1042 3504 1114 3564 adeo
1132 3519 1275 3563 necessa·
1298 3529 1312 3542 ·
1349 3516 1378 3544 ⁸-

58 3645 284 3666 ,ιιι-*-

125 3742 141 3770 ῃ
403 3744 409 3760 ι

123 3742 421 3873 *ztplliiisiupiriissntis
441 3740 880 3880 1ιιιἰιιιιιιιυΙῗξίἳινιιῒιωὲιΗιῃιιᾷιιὶιιῖιῗιιίιξ
884 3780 889 3793 ¹
900 3815 967 3876 post.
990 3781 1074 3859 (1.1Ν.
1100 3821 1170 3859 asoa
1200 3822 1275 3859 sacro

54 3883 128 3936 fonto
149 3882 248 3934 initiati
269 3879 367 3933 buerius
391 3896 424 3932 an
444 3897 507 3947 non,
532 3895 626 3948 magns
650 3881 814 3932 contentione
840 3879 1020 3943 taetrumque
1041 3883 1140 3944 portem
1160 3877 1276 3944 disputa-

54 3959 110 4004 tum
128 3957 179 4003 est.
206 3951 383 4002 Assorusrunt
400 3957 427 4002 et
443 3953 598 4003 sententiam
616 3963 686 4002 suum
705 3948 862 4013 argumentis
881 3947 947 3998 satis
961 3947 1061 3997 idoneis
1078 3953 1106 3997 et
1122 3945 1275 3998 firmissimis

55 4021 191 4072 historicis
216 4019 419 4072 oomoborsrunt
441 4021 636 4086 praecaeteris
658 4017 804 4070 nominandi
825 4013 855 4067 C.
875 4015 903 4067 S.
924 4014 1138 4084 Cyprianus
1162 4016 1188 4066 iu
1213 4015 1276 4070 bist.

53 4089 268 4155 paedooopsamt
296 4088 372 4141 17⁰5.
400 4087 426 4140 8.
461 4096 488 4140 et
520 4088 544 4141 J.
571 4088 602 4142 G.
629 4085 806 4141 Wsiobius
833 4086 860 4136 iu
885 4084 997 4140 historio
1018 4084 1229 4150 paedobaptismi
1247 4083 1274 4136 d.

54 4161 141 4224 puae.
157 4159 236 4212 serat.
257 4156 313 4208 ies.
335 4157 411 4210 17³0.
429 4159 456 4209 4.

127 4225 185 4291 *j
207 4227 272 4277 Gen.
292 4227 335 4278 aa.
355 4227 458 4278 caesidii
478 4227 525 4277 ult.
546 4237 645 4277 aecum.
665 4223 783 4276 Troiiam
809 4223 871 4275 dicti
890 4223 1021 4274 consitutu-
1035 4228 1090 4289 est,
1119 4221 1272 4290 baptismum

57 4311 111 4349 nou
127 4295 186 4348 deri
205 4296 300 4348 debesa
320 4297 347 4347 iu·
365 4295 471 4347 succida
489 4295 534 4347 sed
553 4295 665 4362 templis.
1294 4294 1295 4304 ¹

128 4366 164 4432 ψ)
181 4359 237 4417 Gir.
255 4364 280 4416 Ji
301 4363 333 4416 id.
350 4363 548 4436 Wedderbamp
560 4365 592 4416 de
610 4362 771 4430 &spumis
785 4369 898 4414 ommno
916 4359 1024 4412 diuinet.
1038 4355 1113 4412 md.
1125 4358 1151 4410 8·.
1173 4355 1274 4422 Quen-

58 4434 168 4488 stadii
189 4434 273 4503 satius
290 4433 358 4487 atba
376 4447 402 4504 pt
422 4447 457 4486 ut.
475 4433 525 4486 ddd
544 4447 580 4486 ss.
