2944 4890
313 310 351 372 de
367 307 474 373 veteris
491 303 564 373 eccl.
581 306 660 371 eirea
675 305 858 390 poenitentes
866 305 986 400 rigore.
1196 309 1261 374 289

42 485 103 544 hus
120 481 221 562 lapsos
239 481 400 562 addixerat,
417 485 471 548 lias
487 487 523 547 ad
539 483 719 567 Cyprianuru
736 493 873 546 exaratas
884 482 982 545 luisse
997 482 1108 548 literas.
1133 485 1261 550 Easdem

42 569 134 632 etiam
158 580 238 650 patet
254 581 321 633 aute
346 593 429 636 conc.
446 571 680 652 carthaginense
698 572 737 635 ll.
754 571 880 652 scriptas
897 571 1002 649 fuisse,
1022 573 1109 652 quia,
1133 572 1260 636 coucilia

38 657 144 719 habito
165 657 342 740 conditaque
362 661 397 721 de
415 660 507 742 lapsis
526 659 704 740 recipiendis
722 661 839 721 decreto
858 657 992 741 publico,
1017 680 1108 741 quare
1124 665 1260 723 sundrm-

40 767 100 826 que
121 745 297 824 dubitarent,
322 767 443 809 causam
463 749 610 810 habebant
629 745 717 827 plane
735 747 855 808 nullam.
896 747 1032 808 Ceteram
1050 748 1210 812 Fortunato
1232 743 1284 812 et'

39 833 192 914 episcopis
217 833 341 914 reliquis
358 836 524 917 Cyprianus
550 839 586 898 ad
607 835 807 916 qaaestionem
831 832 890 894 sihi
909 836 1086 914 propositam
1111 837 1262 918 respoudit

36 920 186 1002 peculiari
203 921 288 1002 epist.
300 923 351 999 bh,
369 943 455 1004 quarn
471 923 548 984 inter
564 922 656 1004 prima
673 923 830 1004 paschatos
844 921 979 984 solennia
990 923 1058 984 anni
1073 923 1205 1006 ejusdem
1218 925 1260 988 52

37 1030 143 1090 supra.
158 1009 388 1071 ducentesimum
410 1010 547 1091 scriptam
571 1009 676 1086 fuisso,
698 1010 729 1070 iu
752 1012 911 1072 Annalibus
931 1015 1102 1090 Capriaaioie
1125 1012 1260 1074 animari-

35 1096 506 1180 vertitPearsonius.-§.13.
531 1099 691 1160 'Praheuda
711 1117 779 1159 vcro
800 1106 862 1159 erat
884 1095 974 1178 hujus
997 1099 1105 1160 decreti
1125 1099 1260 1182 aequitas
1357 1167 1364 1178 ,

36 1195 153 1246 tautum
171 1187 207 1246 ad
226 1203 286 1260 eos,
306 1185 355 1265 qui
374 1185 471 1248 statim
487 1207 505 1248 a
521 1186 612 1266 prime
629 1185 732 1266 lapsus
749 1183 796 1247 sui
813 1184 859 1246 die
876 1183 974 1264 signis
990 1185 1143 1266 quibusvis
1160 1197 1260 1250 exter-

36 1271 194 1334 missuum
211 1275 248 1334 oh
266 1271 375 1335 crimen
392 1273 581 1335 commissum
599 1272 689 1336 animi
705 1269 834 1334 dolorem
853 1272 949 1334 testati
965 1271 1092 1334 fuerant.
1137 1274 1197 1352 lis‚.
1210 1273 1261 1358 qui

35 1358 247 1441 poenitentiam
273 1379 362 1439 agere
380 1370 408 1422 et
423 1360 587 1436 lamentari,
610 1380 646 1423 ac
662 1359 818 1421 Dominum
835 1359 985 1439 deprecari
1004 1380 1022 1421 a
1045 1360 1136 1442 primo
1154 1362 1259 1442 lapsus

36 1449 82 1510 sui
102 1447 151 1508 dic
170 1467 227 1509 non
243 1447 427 1526 destiterunt,
444 1469 545 1529 pacem
561 1450 687 1510 dandam
706 1467 772 1510 esse
790 1446 956 1527 Cyprianus
972 1455 1123 1510 statuerat.
1156 1449 1257 1526 Quare

35 1535 126 1598 favor
151 1533 234 1596 illius
261 1538 461 1598 extendendus
480 1557 537 1596 nou
565 1545 626 1598 erat
649 1537 686 1597 ad
711 1546 880 1615 apostatas,
907 1534 956 1614 qui
981 1536 1018 1595 ad
1041 1533 1191 1614 seculum,
1221 1537 1259 1598 ad

36 1642 175 1704 pompam
199 1623 361 1685 satanicam
382 1635 409 1684 et
432 1620 486 1685 illa
510 1622 619 1685 diaboli
643 1642 742 1702 opera,
767 1621 875 1702 quihus
899 1619 929 1680 in
954 1621 1074 1684 foedere
1093 1622 1260 1704 baptismali
1365 1683 1367 1690 .

35 1711 295 1787 renunciaverant,
316 1721 504 1788 revertentes,
524 1710 611 1772 vitam
628 1727 804 1790 nuncusque
821 1709 950 1787 agebant
964 1708 1081 1772 homine
1098 1709 1258 1774 christiano

33 1799 201 1878 indignam.
246 1794 349 1880 Neque
372 1801 408 1860 ad
434 1818 496 1875 eos,
522 1798 571 1880 qui
590 1797 729 1860 societate
748 1795 904 1858 haereticis
920 1795 1014 1877 juncti
1038 1809 1258 1862 sacrosanctam

34 1885 106 1948 fidei
141 1884 318 1948 christianae
346 1886 507 1949 doctrinam
533 1885 683 1947 emarihas
709 1886 955 1964 conspuroahaut.
1000 1884 1160 1967 Utrumque
1183 1883 1259 1948 illud
1340 1901 1342 1908 '

33 1975 189 2055 lapsorum
206 1993 312 2056 genus,
336 1976 415 2055 qnod
432 1977 469 2036 ah
487 1973 615 2036 ecclesia
632 1981 800 2052 separatum
815 1971 928 2047 haberi,
948 1971 1087 2052 quamdiu
1103 1994 1162 2035 non
1178 1974 1258 2036 resi·

34 2063 175 2144 piscerot‚
193 2061 320 2124 earnium
339 2063 481 2124 honarum
498 2062 648 2138 intererat,
666 2058 834 2141 Cyprianus
850 2059 1002 2122 abhorruit
1019 2059 1103 2141 epist.
1122 2063 1173 2137 b7,
1190 2069 1258 2126 tau-

33 2162 95 2212 tum
115 2151 209 2227 ahest,
227 2157 258 2212 ut
275 2151 376 2212 eodem
392 2147 465 2210 illud
484 2169 549 2210 cum
565 2148 603 2211 iis
617 2149 684 2230 jore
700 2148 831 2228 gaudere
846 2146 979 2223 voluerit,
996 2149 1046 2228 qui
1062 2148 1124 2211 lere
1139 2147 1258 2212 triennii
1302 2181 1306 2192 ·

34 2236 219 2320 paenitentia
246 2236 384 2314 cruciati,
417 2235 543 2299 austeris
572 2233 695 2318 jejuniis
718 2242 747 2296 et
768 2233 880 2314 sigiliis
908 2255 1016 2316 corpus
1050 2237 1086 2297 ad
1117 2235 1256 2299 instantis

33 2325 141 2408 proelii
159 2334 305 2386 certamen
324 2324 529 2404 cruciatusque
546 2322 666 2385 facilins
683 2321 850 2383 tolerandos
868 2321 1084 2383 induraverant.
1105 2359 1142 2369 -
1163 2323 1191 2406 §.
1207 2322 1257 2387 14.

33 2415 98 2476 Nec
123 2433 212 2496 porro
239 2415 439 2474 extendendus
460 2424 522 2474 erat
547 2409 656 2472 decreti
675 2408 758 2470 laver
782 2409 818 2469 ad
844 2427 905 2485 eos,
930 2407 979 2488 qui
1003 2407 1159 2489 plurimum
1180 2414 1257 2474 ritae

33 2522 110 2564 suae
129 2512 242 2582 tempus
260 2500 290 2560 in
308 2500 412 2581 quovis
437 2495 667 2560 incontinentiae
685 2501 713 2557 et
728 2493 861 2557 lihidinis
878 2515 988 2575 genere
1006 2493 1128 2560 volutati
1145 2508 1173 2562 et
1190 2508 1257 2561 tau-

33 2593 99 2651 dem
117 2587 283 2650 infirmitate
301 2587 436 2668 correpti,
457 2607 522 2648 curn
540 2585 600 2667 jan
626 2582 708 2645 morti
726 2581 814 2644 ricini
832 2590 942 2661 essent,
968 2583 1172 2664 poenitentiam
1189 2587 1257 2650 ani-

34 2678 133 2758 mique
153 2675 374 2738 conrersionom
394 2673 582 2736 simulabant.
628 2676 800 2732 Paenitentia
818 2692 892 2743 rora,
910 2693 978 2734 rara
994 2693 1071 2750 ocra,
1095 2673 1191 2735 rrttnn
1212 2683 1257 2737 est

33 2784 172 2827 sermone
192 2763 388 2844 proverbium.
433 2761 511 2824 Hinc
529 2759 614 2823 etiam
634 2769 805 2838 peccatores
821 2760 896 2820 adeo
914 2759 1096 2838 praefractas
1114 2770 1143 2822 et
1159 2761 1255 2821 obsti-

33 2864 138 2931 natos,
163 2871 236 2932 quos
261 2870 361 2931 pacem
383 2858 498 2931 petere,
523 2868 581 2908 non
600 2846 676 2908 vitae
697 2855 850 2906 anteactae
867 2846 1061 2926 abominatio,
1089 2850 1140 2908 sed
1161 2845 1254 2908 morhi

24 2937 271 3020 ingravescentis
296 2937 460 3019 periculum
485 2933 697 3016 compellebat,
729 2931 942 2993 communionis
966 2933 1062 3010 gratia
1087 2932 1255 3014 Cyprianus

33 3027 234 3109 prohibendos
253 3026 370 3087 omnino
390 3024 518 3099 censuit,
553 3022 682 3084 alienum
705 3019 769 3081 iore
793 3029 875 3080 ratus
895 3039 913 3079 a
930 3039 990 3082 sec.
1014 3019 1061 3080 sui
1085 3020 1255 3102 disciplina,

32 3135 139 3195 preces
163 3135 263 3176 eorum
282 3112 386 3190 audiri,
413 3111 463 3192 qui
482 3109 628 3172 ecelesiae
652 3108 755 3170 iterum
774 3106 937 3187 iterumque
957 3107 1100 3170 manentis
1119 3109 1254 3170 animad-

32 3201 222 3265 versionibus
254 3213 282 3263 et
306 3200 440 3263 censuris
466 3199 562 3260 locam
588 3195 752 3278 relinquere
777 3192 948 3272 uoluerant,
975 3205 1026 3261 aut
1050 3195 1088 3258 iis
1113 3197 1142 3256 in
1162 3203 1254 3259 morto

31 3289 197 3367 subreniri,
220 3288 269 3370 qui
294 3288 361 3351 sani
378 3298 406 3349 ot
429 3285 592 3348 incolumes
613 3283 768 3346 morituros
786 3303 818 3342 se
834 3303 908 3346 esse
924 3282 975 3345 vix
992 3304 1119 3365 anquam
1137 3283 1254 3365 cogita·

31 3387 148 3440 nerant.
193 3377 238 3438 De
268 3375 305 3438 iis
332 3377 393 3458 jam
418 3384 485 3436 aute
520 3372 612 3435 litoris
637 3373 675 3432 ad
700 3369 895 3432 Antonianum
924 3370 953 3431 ia
979 3373 1054 3434 hano
1080 3372 1253 3434 sententiam

31 3466 214 3547 scripserat:
232 3466 338 3526 Idcirco
354 3468 552 3544 poeaitentiam
567 3483 621 3522 aori
640 3469 750 3537 operatas
765 3479 813 3519 eae
828 3458 950 3520 doloresit
967 3462 1125 3522 delictorum
1141 3481 1256 3522 atteram

30 3565 86 3616 toto
106 3553 190 3615 corde
206 3562 232 3612 et
249 3553 400 3628 nroaifeoto
417 3553 627 3610 lamentationis
643 3569 711 3608 eoae
727 3547 899 3624 professione
914 3557 1055 3619 latrantes,
1074 3549 1256 3626 prohibendos

30 3647 148 3702 oarrriaa
164 3646 319 3701 oeasaimos
337 3663 354 3702 a
372 3659 420 3718 spa
438 3641 696 3698 ooarmrraicotioaie
713 3644 739 3694 et
754 3641 843 3713 pacis,
861 3641 887 3696 ei
905 3640 934 3695 ia
952 3635 1114 3712 latlrmltale
1129 3645 1210 3714 atque
1224 3641 1256 3697 ia

30 3729 158 3808 periculo
175 3733 311 3808 coeperint
328 3730 481 3806 deprecari.
499 3757 544 3769 -
567 3720 595 3804 ᾗ.
617 3723 665 3784 15.
691 3720 823 3801 Majores
847 3722 884 3782 ad
907 3719 1055 3783 lenitatem
1075 3741 1255 3800 progressus

31 3816 60 3877 iu
84 3813 229 3878 Africana
249 3812 323 3876 eccl.
344 3809 483 3894 Cypriani
510 3819 604 3872 aetate
637 3829 693 3870 aaa
724 3807 826 3868 hahuit
853 3808 1008 3890 disciplina
1040 3806 1255 3874 ecclesiastico.

31 3904 77 3965 Eo
101 3903 164 3984 jam
189 3901 318 3964 leuitatis
342 3921 378 3963 ea
402 3900 612 3972 descenderat,
640 3908 671 3956 ut
695 3894 902 3976 poenitentium
927 3895 1052 3975 nemini,
1079 3918 1257 3980 quecunque

32 3993 152 4053 tandem
170 3988 222 4051 illo
241 3989 361 4051 crimine
378 3985 537 4062 laboraret,
561 3993 629 4064 post
645 3982 852 4064 poeniteutiam
869 3985 1006 4061 neganda
1026 3996 1105 4046 esset
1123 4005 1256 4048 commn—
1291 4032 1293 4036 .

31 4077 94 4156 nio,
120 4076 180 4138 uisi
205 4077 255 4155 iis,
285 4077 333 4159 qui
358 4077 388 4136 in
408 4093 493 4136 omne
517 4071 694 4152 flagitiorum
719 4089 816 4149 genus
835 4069 1011 4151 praccipites
1034 4071 1205 4158 lerchaqtur
1228 4082 1257 4136 et

32 4167 152 4228 tandem
169 4164 201 4225 in
218 4163 469 4244 murtelacilitate
486 4157 633 4222 ecclesiae
648 4158 838 4219 immoderate
854 4158 934 4219 abuti
948 4158 1094 4224 volebant.
1118 4161 1177 4224 Iliu
1192 4181 1257 4222 mos

30 4253 83 4314 illc
102 4249 235 4314 retentus
258 4252 315 4314 fait
338 4251 367 4312 iu
385 4248 506 4323 Αἰτίοις
532 4247 599 4307 inde
623 4245 655 4305 in
678 4243 754 4307 alias
777 4243 920 4308 ecclesias
946 4247 1062 4309 transiit
1087 4255 1116 4310 et
1139 4251 1256 4310 laudern

30 4361 96 4403 sec.
130 4340 265 4420 sequenti
293 4339 340 4404 tv.
365 4338 396 4400 in
423 4357 506 4399 canc.
532 4331 691 4404 Arelateuti
716 4331 739 4393 1.
765 4332 887 4395 canonis
914 4334 1096 4398 autoritatem
1121 4334 1255 4416 obtinuit.

30 4429 145 4494 Verum
162 4449 224 4490 uon
248 4427 290 4490 ita
309 4425 401 4489 multo
420 4433 501 4506 post,
529 4420 646 4484 mutatis
671 4419 818 4506 ecclesiae
841 4423 950 4499 rebus,
976 4425 1031 4485 snb
1048 4422 1254 4501 imperatorum

29 4515 262 4580 christianorum
284 4513 428 4596 regimine
444 4511 533 4594 hujus
551 4507 636 4576 etiam
660 4507 737 4592 legis
751 4508 890 4591 'mitigata
906 4509 963 4572 luit
979 4508 1122 4573 severitas
1139 4514 1167 4568 et
1180 4505 1255 4593 ,nni-

88 4614 154 4662 τι...
166 4617 272 4670 maenaa
283 4616 357 4662 uase.
368 4615 399 4657 11.
410 4624 434 4683 η,
1013 4613 1054 4676 pp
