2942 4892
360 249 398 312 ola
413 235 547 314 setarum
558 241 794 313 Obristiauoruu
806 237 925 334 agapis.
1183 246 1252 318 m

18 417 119 484 niuno
135 419 243 504 epulas
257 406 333 488 illas·
345 423 504 488 instruetas
519 424 626 504 inisse,
641 443 678 487 eo
693 421 803 488 oertins
817 422 965 488 tillrmere
980 411 1150 506 possumus,
1165 423 1261 490 etiamr

18 509 221 574 Christianos
238 511 403 594 primaevos
420 515 459 575 ant
478 514 556 576 lruue
572 533 681 576 morem
697 533 732 575 sa
748 514 997 595 aeeoarmorlasse.
1035 511 1132 596 Quam
1147 512 1251 576 saltem

20 599 211 678 seutentiam
228 605 328 664 tuetur
340 600 484 664 Erasmus
494 605 535 682 l).
571 599 649 664 lllud
665 609 744 664 eerte
760 590 886 665 oehieri
902 599 1012 682 aequit,
1027 599 1178 684 negotium
1194 599 1252 664 lree

23 687 105 750 viris
124 687 315 768 gravibuset
330 689 503 752 auctoritate
515 687 693 770 pollentibus
706 692 805 752 datum
821 675 927 753 lirisso.
951 687 1006 752 Utri
1022 698 1120 751 autem
1137 707 1251 772 agapae
1293 731 1306 735 -

23 797 98 838 euru
119 795 216 840 eoeua
234 775 379 839 domiuiea
400 777 432 838 iu
457 776 532 839 loeis
556 776 651 841 saeris
673 777 899 840 cetetronnornr
922 787 951 841 et
975 776 1137 840 edebantur
1158 777 1253 840 instar

23 883 156 927 meusne
174 866 331 942 secundae,
346 885 406 928 nun
425 885 526 928 omues
537 875 637 948 patres
653 861 916 948 lamilinsseorsinr
933 883 1044 928 ooeans
1060 885 1131 946 suas
1148 885 1252 947 parare

23 961 188 1033 poteraut,
210 955 262 1016 sei
287 952 416 1035 episcopi
442 943 656 1036 etpresbyteri
679 952 863 1017 ordinabant.
890 953 979 1032 ΙΘιιι
1000 952 1030 1014 iu
1053 971 1086 1016 re
1108 973 1252 1035 peccasse

25 1033 208 1103 Corinthios
222 1040 337 1120 'Paulus
358 1051 535 1122 conquestus
555 1051 608 1104 est.
642 1039 742 1103 Primo
766 1039 872 1103 intuitu
894 1039 1025 1120 ridetur,
1048 1043 1126 1123 apud
1142 1039 1252 1104 Coriu-

25 1129 111 1191 tlios
129 1127 211 1190 tales
222 1149 367 1210 personas
381 1129 543 1210 dirigentes
559 1147 617 1190 noo
634 1127 742 1192 luisse.
764 1127 823 1191 Sel
842 1137 920 1192 oerte
937 1129 1064 1194 luerunt.
1093 1131 1253 1212 Apostolus
1341 1149 1344 1154 ·

27 1216 111 1278 euim
130 1217 147 1278 1
161 1214 229 1280 Gor.
244 1217 294 1280 12.
311 1227 339 1279 et
357 1215 408 1280 lt.
423 1213 730 1298 lougum‘eatalopum
747 1217 880 1288 ordinum
895 1215 991 1297 affert,
1008 1227 1037 1279 et
1053 1237 1129 1299 quae
1145 1220 1254 1304 euique
1313 1237 1315 1244 ’

27 1303 176 1368 lenienda
192 1314 308 1383 esseut,
332 1303 452 1388 exponit
472 1306 506 1382 (l
525 1303 594 1368 Gor.
612 1301 670 1382 12,
695 1305 737 1365 28
753 1301 805 1386 s.).
844 1305 877 1366 lu
894 1303 962 1368 aliis
983 1325 1100 1388 quoque
1116 1309 1253 1373 ecelesiis

27 1393 98 1456 sine
118 1391 209 1454 dubio
227 1392 362 1470 luerunt,
386 1391 437 1474 qni
461 1389 534 1454 lraeo
557 1389 692 1454 eouuaia
714 1393 893 1456 ordinarent.
931 1393 962 1454 ld
979 1389 1083 1456 saltem
1108 1396 1145 1457 tle
1159 1394 1253 1459 ctri-

27 1480 153 1558 stiaais',
172 1480 221 1562 qui
234 1478 350 1544 Rornae
365 1481 568 1552 versabantur,
587 1488 710 1541 testatur
726 1477 859 1542 lustinus
875 1477 966 1542 Mart.
1001 1479 1081 1543 llicit
1096 1482 1191 1546 euim:
1216 1473 1252 1545 τὸ
1303 1541 1307 1548 .

28 1555 260 1649 συλλεγόμενον
274 1556 361 1652 παρὰ
379 1565 422 1647 τῷ
444 1563 618 1649 προεστῶτι
634 1564 827 1628 ἀποτίθεται
835 1567 889 1647 **).
925 1565 1057 1630 Aliorum
1076 1589 1145 1632 roro
1165 1571 1252 1636 etiam

29 1655 143 1719 mentio
170 1664 214 1718 est
236 1655 391 1734 laeieuda,
415 1653 523 1737 quibus
548 1654 692 1716 iuteresse
717 1653 763 1716 lris
788 1653 929 1734 conuiuis
953 1653 1072 1719 lieeint.
1118 1656 1252 1740 Paganis

29 1743 221 1824 aliarumque
244 1743 419 1825 religionum
445 1739 571 1805 nsseelis
596 1740 694 1804 aditus
721 1743 758 1803 ad
783 1741 855 1804 lraee
880 1742 1015 1806 convivia
1039 1764 1099 1807 uon
1124 1750 1267 1828 patebat(

30 1833 225 1896 Voeabnutur
241 1833 438 1894 tantummodo
455 1829 494 1908 ii,
520 1828 568 1912 qui
591 1828 621 1890 in
644 1828 875 1892 communionem
894 1827 1129 1898 ecelesiastioaut
1142 1835 1268 1918 recepti.

27 1930 118 1984 erant
140 1928 171 1982 et
192 1918 290 1983 nonno
313 1920 345 1981 iu
374 1939 410 1982 ea
433 1917 629 2000 persistebant
658 1916 828 1981 continuata
851 1917 970 2000 pietatis
994 1917 1082 1984 laude
1105 1921 1253 2004 insignes.

30 2012 138 2088 Quare
155 2013 222 2069 aute
238 2000 415 2089 baptismum
434 2025 517 2070 nemo
534 2003 752 2068 admittebatur:
785 2005 899 2068 Fusius
918 2007 973 2069 lroe
990 2005 1118 2090 explieat
1134 2020 1163 2073 et
1178 2033 1252 2076 eau-
1350 2013 1353 2018 ’
1373 2077 1379 2080 ,

30 2117 87 2159 sas
113 2095 202 2159 simul
227 2095 307 2158 addit
321 2093 456 2158 lustinus
473 2094 562 2157 Mart.
572 2093 641 2174 Μ).
664 2093 794 2157 lulnates
818 2093 956 2178 baptizeti
979 2096 1085 2160 adesse
1107 2107 1252 2180 poteraut.

30 2189 121 2264 Quos
144 2183 212 2246 ideo
231 2205 288 2246 non
308 2186 452 2246 arcendos
471 2202 539 2244 esse
557 2180 760 2260 erediderunt,
783 2181 854 2264 quin
872 2182 1085 2247 communionis
1108 2186 1254 2254 ecelesia·

31 2274 129 2336 stione
145 2271 217 2334 laeti
235 2279 318 2336 eraut
334 2269 490 2354 participes
500 2269 547 2350 †).
586 2267 644 2349 Qui
670 2278 765 2332 tannen
782 2290 845 2333 mos
863 2271 972 2334 sensim
989 2271 1128 2352 abrogari
1145 2274 1252 2356 eoepit,

29 2383 102 2424 enm
120 2358 282 2423 Christiani
298 2365 469 2436 statuerent,
493 2367 525 2419 ut
540 2377 624 2419 nemo
641 2355 849 2434 admitteretur,
873 2357 933 2418 nisi
951 2359 1000 2441 qni
1018 2378 1051 2422 se
1067 2358 1164 2441 ipsum
1180 2383 1252 2444 pro·

31 2451 106 2511 lsnre
124 2457 236 2530 posset.
283 2446 361 2509 Hine
380 2449 486 2509 abesse
500 2443 579 2528 jussi
597 2443 815 2521 eateelrurueui,
841 2445 948 2530 quippe
965 2445 1018 2530 qni
1031 2449 1160 2512 noudum
1176 2449 1252 2515 eiri-

32 2547 121 2600 tatem
146 2533 204 2598 Dei
228 2527 324 2616 adepti
351 2542 452 2611 erant,
478 2543 510 2594 nt
534 2552 598 2594 enm
616 2532 784 2614 Augustino
807 2531 973 2615 loquamur.
1009 2535 1088 2599 tuem
1114 2537 1191 2604 votet
1216 2540 1253 2603 tle
1295 2537 1297 2546 ’

34 2622 272 2707 poenitentibus,
298 2629 330 2684 ut
355 2643 392 2686 ex
416 2623 533 2684 decreto
558 2617 727 2700 colligimus
753 2619 870 2695 consilii
887 2621 1123 2705 ilerdensis††).
1158 2617 1252 2692 Porro

34 2733 96 2774 uon
120 2710 346 2773 admittebantur
369 2709 407 2786 ii,
431 2709 481 2790 qui
505 2718 571 2788 post
593 2707 767 2789 lrnptisurun
791 2707 877 2792 ejeeti
900 2717 984 2772 erant
1005 2708 1053 2773 rel
1076 2713 1253 2792 desertores,

33 2803 173 2881 aterque
189 2797 334 2861 eeclesiae
351 2795 555 2860 communione
572 2793 686 2878 priuati.
705 2795 785 2857 lolem
801 2797 878 2876 apurl
895 2797 1025 2860 ludaeos
1037 2797 1132 2886 ‘moris
1148 2799 1254 2882 luisse,

31 2885 68 2950 'ut
95 2884 341 2950 exeommunicati
365 2882 441 2948 nulli
464 2903 575 2947 coenae
601 2882 745 2946 communi
768 2881 911 2948 interesse
936 2883 1105 2963 doluerint,
1136 2884 1186 2951 res
1208 2901 1253 2954 est
1317 2935 1322 2943 -

35 2977 113 3038 satis
129 2985 210 3038 nota.
247 2975 342 3054 Quem
360 2993 468 3036 rnorem
485 2971 599 3034 Paulus
617 2971 634 3034 l
652 2971 722 3052 (lor.
736 2967 776 3048 «ἰ,
804 2973 852 3034 ll.
875 2969 990 3034 ridetur
1011 2971 1192 3055 respexisse.
1208 3011 1251 3031 .-

36 3063 65 3146 §.
89 3065 122 3126 7.
148 3063 203 3126 Ile
225 3065 334 3125 modo
360 3072 396 3124 ot
420 3059 577 3123 ratione
600 3059 732 3120 torum
758 3056 1038 3124 eonsivioruru.
1075 3059 1197 3142 Restat,
1222 3073 1255 3128 ut

36 3150 165 3231 amplius
182 3151 218 3212 ‹le
234 3151 320 3212 morlo
337 3160 366 3211 et
380 3148 494 3212 ratione
509 3146 613 3210 horam
631 3145 827 3210 conviviorum
846 3145 989 3212 dieamus.
1018 3145 1089 3210 Mos
1104 3149 1161 3214 luit
1175 3155 1254 3235 apurl
1279 3193 1281 3205 ·

35 3239 211 3316 Hebraeos,
234 3247 266 3300 nt
282 3255 406 3320 preces,
431 3235 594 3316 orationes,
618 3255 769 3298 sermones
788 3231 866 3302 sauri
885 3235 1105 3321 gratiarumque
1121 3237 1254 3310 notiones

35 3325 143 3408 epulas
162 3325 340 3390 enneminta
357 3325 483 3389 linirent.
522 3325 607 3404 Quae
629 3321 812 3387 cousuetudo
831 3323 1072 3388 ad.Clrristiaoos
1090 3326 1253 3410 primitivos

37 3413 182 3477 translata
206 3423 261 3478 est.
300 3412 394 3476 Siouti
417 3411 687 3476 eninr‘Julaeerurn
711 3409 863 3490 convivia,
887 3413 924 3475 ole
947 3413 1056 3495 quibus
1077 3415 1139 3496 jara
1162 3435 1256 3498 supra

37 3523 135 3565 sermo
154 3511 232 3578 erat,
255 3499 457 3584 ,oonprotnnn
475 3510 503 3563 et
517 3499 644 3578 ludiera,
669 3501 721 3562 sed
738 3507 870 3566 saora'ot
885 3499 916 3562 iu
932 3499 1075 3564 honorent
1092 3499 1149 3564 Dei
1164 3505 1255 3566 aelor-

35 3600 106 3654 neta
121 3589 257 3666 luerunt,
281 3589 325 3652 sio
350 3588 435 3652 otiam
461 3608 576 3670 agapae
595 3598 724 3650 veterum
741 3585 974 3652 Christianorum
992 3598 1113 3654 ιιιιιτιιιι
1128 3603 1212 3654 eraut
1227 3601 1256 3656 et

36 3678 68 3739 in
85 3677 146 3741 Dei
160 3687 198 3740 'et
221 3675 329 3740 Christi
354 3677 494 3740 lronorem
520 3658 847 3757 iuslitualrnrr'tur†††).
887 3674 1005 3739 Hilaria
1027 3672 1147 3760 quidem
1171 3687 1255 3744 eraut
1289 3703 1291 3714 ·

34 3826 256 3839 ffl-

104 3917 133 3988 *)
154 3917 175 3970 Ε
194 3917 264 3993 irtel.
286 3917 318 3970 ael
336 3916 464 3972 Tonsiull.
485 3915 532 3970 tit.
550 3917 594 3975 26.
900 3981 907 3998 ὑ
987 3983 993 3998 .
1039 3989 1040 3992 Ἴ

35 4007 38 4012 ·
103 3985 154 4090 :2
171 3935 280 4056 xpolog.
300 3991 328 4046 2.
347 4003 374 4056 p.
392 3985 569 4055 theanen
581 3987 660 4040 loeus
677 3987 726 4050 lrao
744 3988 775 4040 de
795 4001 823 4040 re
843 3991 884 4038 est
899 3977 1018 4049 rosigno.

104 4126 139 4194 s)
155 4057 342 4194 'cliiii'
354 4057 468 4194 rpnpffp.
490 4123 549 4206 tae.

104 4196 160 4263 ††)
183 4195 284 4262 „Lapat
305 4202 402 4262 septem
415 4194 490 4246 onais
509 4199 579 4245 rotor
596 4193 796 4256 enteolunrenos
821 4197 895 4244 orent
917 4197 944 4242 et
961 4189 1061 4244 luobus
1077 4191 1147 4250 inter
1166 4197 1256 4251 entho-

37 4266 112 4330 lions,
135 4271 227 4332 postea
244 4263 364 4316 fidelihus
381 4265 407 4315 iu
427 4263 558 4316 oblatione
576 4269 603 4313 et
620 4261 779 4314 euolraristia
800 4261 1022 4320 communicent.“

104 4333 182 4401 †††)
202 4331 293 4385 Actor.
311 4335 339 4400 2,
351 4331 463 4386 tt-tt.
481 4325 590 4390 Πάντες
608 4327 640 4382 tt
660 4330 687 4383 οἱ
703 4321 877 4396 πιστεύοντες
903 4318 1088 4394 innotuere
1108 4329 1191 4399 αὐτὸ,
1208 4332 1256 4385 arui

39 4403 115 4470 εἶχον
139 4397 254 4453 ἅπαντα
281 4394 372 4458 κοινά.
406 4401 463 4452 Καὶ
488 4395 521 4452 τὰ
547 4392 672 4470 κτήματα
695 4400 743 4452 καὶ
765 4394 814 4460 τὰς
837 4391 967 4466 ὑπάρξεις
990 4397 1182 4470 ἐπίπρασκον,
1196 4399 1256 4452 'aul

39 4470 193 4542 διεμέριζον
211 4465 281 4524 αὐτὰ
298 4469 385 4536 πᾶσι,
413 4461 513 4524 καθότι
533 4465 570 4524 o'ir
586 4485 626 4532 τις
641 4472 740 4542 χρείαν
757 4463 836 4541 rixo·
855 4464 926 4522 aaa
945 4462 1052 4540 inrepere
1071 4482 1100 4524 τι
1115 4479 1256 4540 προσκαρ-

83 4556 272 4622 enormeque.
285 4555 393 4603 nmen.
406 4559 428 4600 ι.
568 4579 569 4584 1
865 4551 871 4560 ’
1011 4535 1055 4604 tt
1288 4559 1290 4569 ¹

391 4649 410 4680 Ι
