2968 4896
73 297 197 366 XXXV.
229 297 265 365 G.
281 298 317 366 hl.
333 298 486 381 Weidling
502 303 538 364 de
554 299 733 402 baptisteriis
749 309 878 366 veterum
896 302 1138 372 Christianorum.
1181 306 1245 372 115

29 479 104 536 enim
125 469 356 554 Ambrosius*):
378 482 444 556 post
460 473 600 538 lectiones
617 484 703 557 atque
720 483 887 554 tractatam,
911 475 1020 558 inquit,
1044 477 1174 540 dimissis
1192 499 1246 542 ca·

29 561 215 624 techumenis
233 562 395 644 symbolum
414 560 563 644 aliquibus
581 563 812 644 competentibus
835 563 867 624 in
892 564 1070 644 baptisteriis
1095 569 1246 630 tradebam

29 648 186 712 basilicae.
218 645 260 696 -'-
294 649 322 734 §.
340 649 370 713 3.
402 651 448 712 Ro
464 651 564 732 itaque
579 649 655 732 ipsa,
674 650 740 732 quid
760 650 915 731 significet,
934 655 1007 713 bene
1024 653 1142 733 cognita
1158 665 1247 736 atquo

31 747 197 818 perspecta,
222 757 298 818 opus
316 737 378 814 erit,
401 748 432 798 nt
448 738 479 798 in
496 737 640 818 originem
657 737 890 818 baptisteriorum
909 738 996 819 paulo
1013 740 1181 802 accuratius
1198 743 1247 802 in·

30 825 195 905 quiramus.
233 826 343 886 Omnes
368 823 508 887 historiae
525 837 554 888 et
577 825 779 906 antiquitatum
804 826 948 888 ecclesiae
971 827 1129 907 scriptores
1153 827 1183 888 in
1201 849 1247 908 eo,

32 920 170 994 tanquam
187 911 217 972 in
236 933 267 975 re
285 910 457 988 certissima,
475 912 669 988 consentiunt,
686 915 763 994 quod
775 913 881 994 templa
891 913 1122 978 Christianorum
1139 936 1164 979 s.
1180 915 1248 979 loca

32 1014 122 1077 certa,
147 1001 178 1062 in
196 999 302 1080 quibus
319 999 416 1062 cultus
432 999 487 1062 Dei
505 1001 622 1081 publice
638 1001 728 1062 inerit
744 1000 920 1075 celebratos,
942 1023 1003 1065 sec.
1018 1001 1040 1064 4
1058 1005 1172 1064 dentum
1189 1003 1248 1065 llo-

31 1110 94 1149 rere
112 1087 273 1168 coeperint.
311 1088 385 1149 Nam
403 1108 467 1149 oum
486 1109 537 1168 per
554 1088 609 1149 tria
623 1086 715 1150 ferme
732 1087 835 1150 secula
853 1087 1037 1151 Christianos
1054 1089 1137 1150 miris
1156 1111 1248 1152 rexa-

30 1176 125 1237 rerint
143 1175 237 1236 modis
252 1173 352 1236 hostes
376 1195 534 1257 eorumque
550 1175 688 1237 atrocitas
707 1186 786 1237 tanta
801 1175 907 1254 luerit,
938 1187 970 1238 ut
987 1177 1083 1239 omnia
1101 1176 1248 1240 Christia-

33 1284 135 1324 norum
153 1262 299 1342 sanguine
316 1265 473 1340 maderent,
491 1271 601 1325 tantam
618 1263 710 1342 abest,
728 1275 759 1324 ut
777 1261 883 1344 templa
899 1265 1020 1345 Publica
1034 1264 1199 1342 habuerint,
1216 1273 1249 1327 ut

34 1351 129 1430 potius
153 1349 249 1412 noctis
274 1360 402 1431 tempore
423 1369 511 1412 sacra
534 1369 590 1412 sua
614 1351 789 1431 peregerint.
834 1351 877 1412 lta
900 1351 975 1412 enim
993 1351 1125 1432 Traiano
1144 1351 1274 1432 impera

33 1437 122 1499 refert
139 1437 256 1498 Plinius
267 1436 329 1516 *⁴):
355 1449 444 1516 „sunt
461 1436 538 1500 soliti
556 1437 715 1500 Christiani
733 1444 809 1500 stato
827 1437 873 1500 die
891 1449 958 1500 ante
975 1436 1070 1499 lucem
1090 1439 1248 1499 convenire

36 1546 212 1605 carmenque
222 1521 350 1602 Christo,
369 1524 538 1606 quasiDeo,
557 1524 654 1587 dicere
670 1546 769 1587 secum
787 1523 951 1602 invicem·,“
969 1527 1116 1605 quidquod
1127 1522 1171 1583 illi
1189 1523 1249 1605 ipsi

36 1623 197 1674 conventus
214 1611 390 1674 Christianis
412 1622 493 1674 erant
515 1611 676 1690 interdicti,
703 1615 732 1672 id
757 1614 833 1692 quod
857 1611 933 1672 idem
957 1613 1060 1672 scribit
1075 1609 1192 1672 Plinius
1209 1614 1249 1672 ad

35 1701 221 1781 Trajanum:
246 1721 323 1776 „uon
341 1699 467 1781 amplius
486 1710 550 1782 post
566 1699 691 1762 edictum
709 1719 803 1760 meum
822 1719 984 1760 conuenere
1002 1697 1172 1775 Christiani,
1189 1718 1248 1780 quo

37 1791 197 1850 secundnm
216 1790 351 1849 mandata
368 1799 418 1848 tua
433 1786 580 1850 hetaerias
598 1807 663 1849 esse
680 1789 860 1848 vetueram.“
883 1785 1016 1847 Tandem
1035 1807 1103 1848 vero
1121 1806 1185 1846 curu
1203 1786 1250 1848 ira

36 1875 158 1937 hostium
178 1872 319 1956 paulatim
338 1875 499 1952 deferbuit,
524 1873 606 1935 finita
623 1871 799 1935 Diocletiani
818 1874 1021 1954 persecutione
1037 1893 1085 1934 res
1103 1871 1249 1935 Christia-

34 1985 135 2024 norum
152 1965 276 2024 iormam
293 1962 444 2042 pristinam
463 1961 593 2042 recipere
611 1960 672 2023 risa
689 1961 752 2022 luit.
788 1959 861 2022 Cum
882 1960 957 2022 enim
976 1959 1186 2022 Constantinus
1203 1957 1249 2024 Μ.

34 2050 132 2112 hostes
153 2049 307 2112 christiani
332 2049 457 2110 nominis
480 2049 590 2129 aliquot
613 2047 732 2130 praeliis
751 2046 819 2110 vicit
842 2054 871 2108 et
893 2049 929 2108 ad
953 2047 1141 2128 accipiendas
1166 2045 1249 2128 pacis

35 2137 220 2200 conditiones
239 2137 351 2216 coegit,
378 2135 562 2211 Christianis,
587 2157 709 2218 qnorum
727 2155 877 2196 nnmerum
895 2134 958 2216 ipse
975 2136 1186 2197 Constantinus
1205 2133 1261 2213 M.

33 2226 226 2288 Nicomediae
249 2225 413 2304 baptizatus
438 2224 642 2302 adauxitmt,
674 2235 760 2304 grata
782 2222 933 2284 redierunt
956 2221 1122 2304 halcyonis.
1153 2221 1246 2284 Tunc

35 2314 142 2394 templa
159 2323 212 2374 aut
229 2313 354 2374 hostium
371 2311 505 2374 manibus
523 2310 694 2392 eripuerunt
709 2324 759 2372 ant
782 2330 858 2370 nora
883 2321 1105 2386 exstruxerant,
1130 2311 1251 2372 verbnm

6 2393 7 2406 ¹
35 2402 88 2464 Dei
107 2405 272 2462 docuerunt
289 2407 316 2462 et
334 2409 534 2476 sacramenta,
561 2419 684 2479 quorum
700 2417 775 2460 usus
794 2395 930 2480 publicus
946 2407 1032 2458 ttntea
1050 2407 1111 2458 erat
1123 2395 1249 2455 interdi-

36 2501 96 2551 ctus
108 2487 361 2550 administrarnnt.
380 2489 449 2550 inde
466 2508 530 2548 cum
549 2486 654 2567 templa
671 2485 763 2548 cultui
781 2485 900 2566 publico
916 2485 1061 2546 destinata
1077 2483 1252 2560 lrabnerunt,

38 2577 178 2658 paulatim
198 2575 283 2639 etiam
301 2573 495 2657 peculariat)
514 2585 722 2648 exstruxerunt
740 2572 908 2654 baptisteria
918 2572 986 2651 ††).
1009 2606 1048 2619 -
1074 2571 1101 2655 ξ.
1118 2571 1149 2632 4.
1169 2569 1252 2632 Haec

32 2681 128 2728 antem
148 2663 331 2746 baptisteria,
351 2684 427 2745 quae
444 2664 597 2725 admodum
613 2659 711 2744 ampla
728 2659 908 2744 erant†††),
925 2659 957 2721 in
974 2661 1049 2722 duas
1067 2657 1156 2739 vulgo
1173 2656 1252 2721 diti·

31 2827 268 2844 ψ

104 2921 133 2986 *)
155 2923 245 2986 Epist.
263 2919 305 2974 33.
327 2919 365 2969 ud
386 2919 576 2972 Marcellinum.
849 2943 860 2972 .

103 2992 151 3060 **)
175 2992 260 3054 Epist.
281 2989 324 3054 10,
345 2987 388 3041 dl.

106 3061 172 3124 ***)
187 3059 226 3110 De
244 3059 370 3125 baptismo
381 3055 544 3108 Constantini
555 3051 591 3106 hl.
609 3053 698 3105 conisa·
711 3058 816 3120 praeter
824 3050 964 3100 Eusebium
981 3047 1009 3098 s'n
1025 3049 1085 3104 hist.
1105 3049 1164 3104 ecel,
1174 3050 1255 3101 Theo·

39 3133 157 3181 duretam
176 3129 237 3181 hist.
255 3128 314 3178 eorl.
335 3127 359 3190 1,
380 3126 422 3178 31.
442 3132 470 3176 ct
487 3130 582 3177 Sozam.
600 3125 626 3188 2,
648 3141 668 3176 e.
684 3124 733 3176 salt.

105 3201 139 3266 †)
161 3197 236 3264 Quod
253 3196 319 3246 enirn
339 3196 426 3250 see2.
446 3209 495 3244 non
514 3191 611 3244 inerint
629 3190 760 3242 ordinaria
779 3187 942 3255 baptisteria,
962 3185 1161 3254 probatJustini
1175 3185 1253 3239 Mart.

39 3267 227 3330 testimoninm,
246 3265 289 3331 qui
308 3265 389 3329 Apol.
408 3265 434 3318 2.
453 3279 481 3327 p.
500 3259 543 3313 93.
564 3261 642 3312 dicit:
664 3261 827 3311 adducuntur
844 3273 859 3308 a
879 3255 952 3308 nobis
970 3256 1018 3320 illi,
1039 3255 1081 3323 qni
1102 3257 1256 3323 baptismum

40 3338 200 3396 desiderant,
223 3333 267 3384 nbi
285 3349 351 3400 aqua
371 3338 412 3382 est
430 3338 506 3396 atque
527 3346 557 3380 eo
579 3329 783 3394 regenerationis
801 3326 885 3391 modo,
908 3341 957 3392 quo
978 3325 1026 3392 ipsi
1047 3327 1193 3390 regenerati
1214 3341 1257 3376 su-

41 3422 106 3470 mus,
128 3409 326 3468 regenerentur.
348 3401 383 3452 Et
400 3415 453 3452 sec.
468 3399 494 3452 3.
516 3399 606 3450 doctor
624 3397 814 3458 (Tertullianus
832 3395 864 3444 de
881 3395 1035 3460 heptad.)
1055 3395 1165 3447 asserit:
1187 3395 1258 3460 nulla

41 3475 177 3526 distinctio
198 3479 246 3536 est,
269 3471 334 3522 mari
355 3470 411 3537 quis
432 3484 463 3520 an
482 3474 584 3532 stagno,
605 3469 708 3520 humine
729 3483 761 3518 un
783 3465 863 3530 lente,
886 3464 945 3514 laon
966 3478 997 3514 au
1019 3464 1092 3514 alveo
1112 3463 1237 3514 diluatur.

109 3542 168 3611 Η)
190 3539 230 3593 lta
249 3541 316 3592 enim
336 3537 520 3590 Constantinus
542 3535 577 3588 ht.
599 3537 779 3604 baptisterium
802 3535 829 3584 in
849 3532 972 3584 suburbio
991 3537 1018 3582 et
1035 3531 1104 3582 alind
1122 3531 1147 3581 in
1168 3531 1258 3582 Coelio

43 3619 131 3665 rnonte
160 3609 343 3662 exstruendum
370 3607 486 3671 curavit,
517 3606 590 3672 cujus
615 3606 771 3670 elegantiam
798 3603 871 3652 nobis
891 3599 1029 3667 descripsit
1047 3599 1206 3662 Augustinus
1226 3601 1260 3648 de

44 3687 90 3737 cio.
112 3681 167 3730 Dei
182 3680 271 3743 228.
294 3684 321 3728 et
339 3677 460 3728 Socrates
479 3675 540 3724 hist.
566 3677 626 3729 eorl.
648 3675 673 3726 7.
694 3676 720 3726 d.
742 3679 770 3724 et
789 3671 830 3724 17.
869 3669 918 3720 Sed
940 3669 966 3719 iu
991 3667 1102 3718 ecclesia
1121 3666 1259 3719 Gallicana

44 3767 95 3802 sec.
124 3749 150 3802 d.
180 3749 279 3800 demum
304 3753 420 3812 tempore
447 3743 587 3794 Clodovaei
615 3744 683 3807 regis
707 3739 862 3808 baptisteria
886 3739 978 3789 llorere
1002 3742 1150 3800 coeperunt.
1188 3735 1260 3786 Haec

44 3828 130 3871 antem
150 3833 208 3868 cnm
228 3822 306 3868 antea
324 3821 399 3866 extra
419 3813 507 3864 urbem
528 3819 661 3863 exstruere
683 3813 747 3862 baec
767 3806 921 3876 baptisteria
939 3804 1016 3856 solita
1036 3803 1129 3866 luerit,
1155 3805 1260 3854 taudem

45 3887 156 3938 concilio
179 3885 303 3937 ilerdensi
329 3884 394 3934 haec
415 3881 568 3949 baptisteria
593 3881 656 3948 ipsis
683 3878 801 3930 ecclesiis
822 3875 932 3940 jungere
955 3879 981 3923 et
1004 3885 1024 3952 'a
1044 3872 1149 3924 sinistra
1175 3873 1260 3936 ingre-

45 3957 172 4007 dientium
199 3961 272 4022 parte
299 3953 428 4004 collocare
454 3951 562 4017 placuit.
593 3947 653 4000 Vid.
674 3947 751 4012 Greg.
779 3944 877 3996 Toron.
908 3943 940 3990 ‹Ie
964 3942 1106 3991 Maraculo's
1130 3945 1158 3996 'S.
1183 3944 1261 3991 Mor·

45 4027 128 4080 reram
161 4024 205 4078 2l.
311 4037 319 4047 ’
352 4039 366 4084 ’,

114 4061 191 4160 †’††)
207 4090 349 4143 Admodum
362 4088 445 4154 ampla
460 4093 535 4137 erant
546 4084 700 4152 baptisteria
719 4082 748 4150 l)
760 4087 864 4148 propter
879 4079 955 4130 ritum
970 4078 1140 4130 immersionis
1154 4093 1185 4130 so
1197 4085 1263 4130 tcm-

48 4177 109 4228 pore
131 4162 157 4211 in
183 4160 296 4212 ecclesia
319 4158 412 4212 Latina
435 4156 535 4222 pariter
560 4170 590 4204 nc
615 4153 715 4206 Graece
743 4151 884 4213 usitatum,
912 4149 955 4213 qni
981 4161 1061 4214 usqne
1088 4148 1121 4198 ad
1148 4155 1262 4214 tempora

48 4229 175 4281 bernardi
193 4228 305 4280 sec.11.
326 4225 391 4277 clari
412 4225 520 4276 durasse
539 4223 648 4286 dicitorq
664 4224 693 4280 2)
710 4226 857 4288 propterea,
876 4217 944 4283 qnod
961 4223 1060 4268 certum
1079 4216 1201 4297 baptismi
1219 4215 1265 4296 ad·

48 4299 213 4350 ministrandi
232 4305 333 4364 tempus
351 4301 409 4346 erat
426 4294 608 4354 coustitutum,
629 4289 696 4357 qnod
715 4303 771 4339 oum
793 4285 913 4349 advenit,
938 4300 1031 4350 magna
1050 4285 1163 4352 undaque
1185 4285 1265 4334 bomn-

50 4383 109 4418 uum
135 4367 261 4418 conduxit
287 4364 434 4416 multitudo.
471 4361 583 4428 Tempus
608 4361 674 4411 euim
699 4356 843 4423 testumque
869 4355 1006 4420 paschatos
1029 4349 1157 4420 baptismo
1183 4351 1263 4430 inisse

50 4437 176 4501 dicatum,
195 4441 310 4488 testatur
324 4433 444 4484 Socrates
463 4431 524 4482 bist.
543 4428 608 4480 eccl.
629 4429 654 4492 5,
671 4427 715 4483 at.
735 4427 780 4478 ubi
799 4424 900 4486 asserit,
922 4419 1120 4474 Thessalonicae
1139 4419 1264 4470 ecclesias

17 4551 19 4581 ,
53 4505 177 4560 habuisse
188 4505 217 4559 in
229 4501 424 4569 consuetudine,
444 4507 473 4552 ut
489 4497 570 4552 semel
587 4498 714 4552 duntaxat
730 4497 757 4551 in
773 4509 840 4549 anno
857 4493 934 4561 idque
951 4491 1089 4592 paschaque
1100 4487 1167 4543 testo
1181 4483 1266 4573 bapti
