2944 4898
20 241 74 306 ’.
185 339 187 346 Ι
250 244 494 330 de-psalruorum,
512 248 684 336 bunuorum
701 245 730 313 et
747 253 867 316 odarum
886 223 1065 340 discrimine.
1183 250 1262 323 'bb

42 421 105 484 uini
119 419 339 484 illuminatione
356 421 491 501 conlecti,
513 423 576 486 siue
591 428 628 486 ab
644 423 712 487 aliis
729 426 809 504 viris,
831 425 893 509 plis
904 435 991 507 atquo
1007 428 1119 491 sanetis
1136 427 1261 511 excogi-
1346 485 1349 494 .

43 510 106 588 tati,
130 509 273 588 babuisse
290 509 443 587 rationem,
469 511 614 589 prolixius
629 513 708 574 inira
728 514 907 577 docebimus.
945 515 1074 591 Accedit,
1098 519 1173 596 qaod
1190 537 1261 582 vera

42 597 235 676 plurimorum
262 596 441 677 psalmorum
465 596 619 679 duryupric
643 621 668 662 s.
685 600 885 681 inscriptionis
911 620 1019 678 causa,
1041 601 1202 666 latentibus
1220 605 1260 670 lt.
1288 669 1291 674 ,

43 687 119 746 Dav.
136 683 312 762 diaetam)
338 694 366 746 et
382 683 662 763 ctcatvoeriorr),
686 687 762 749 inter
779 687 929 769 deperdita
952 699 1121 751 numeretur
1144 699 1172 750 et
1192 690 1260 754 ideo

42 792 115 832 ocra
130 782 158 834 et
175 772 307 850 genuino
322 769 385 831 τῶν
401 769 533 848 ψαλμῶν
561 793 598 834 cx
616 773 708 835 titulis
725 795 825 836 corum
852 773 1030 853 significatio
1046 777 1085 838 sit
1101 776 1185 840 valdo
1203 780 1260 838 ob-

42 879 132 921 scura
150 856 569 939 etexplicatndillicilis***).
600 895 644 906 —-
675 861 751 944 §.a
782 863 845 924 Nce
872 860 981 922 lirruior
997 872 1042 924 est
1057 863 1260 944 distinguendi
1309 929 1311 940 ,

41 948 116 1008 bace
131 946 216 1018 Pauli
236 945 351 1006 cantica
369 945 442 1007 ratio
459 949 496 1007 ab
511 957 683 1024 ar·gnrueuto
698 957 725 1010 ct
744 949 873 1026 materia,
898 969 984 1030 quam
1002 957 1136 1028 tractant,
1154 971 1260 1013 accer-

41 1034 110 1110 sita,
127 1034 216 1114 cnjus
232 1033 430 1115 Hieronymus
446 1033 477 1093 in
492 1044 643 1095 comment.
660 1037 696 1096 ad
714 1036 741 1098 b.
760 1037 780 1100 l.
797 1037 909 1117 primns
925 1036 1017 1098 extitit
1033 1045 1184 1116 patronus,
1200 1059 1260 1118 pu-

42 1133 119 1196 tans,
143 1109 306 1202 ψαλμοιλς,
331 1120 439 1200 quibus
454 1120 657 1183 Hebraeorum
674 1143 731 1184 vox
748 1136 870 1187 uantum
885 1125 1071 1204 respondeat,
1088 1125 1205 1206 proprie
1221 1127 1261 1192 ad

41 1208 139 1270 lacurn
154 1206 302 1287 pertinere
317 1205 454 1287 ethicum,
470 1215 502 1268 ut
512 1223 566 1289 per
577 1229 720 1286 organum
734 1209 875 1289 corporis,
893 1211 962 1291 qnid
975 1209 1142 1274 iaciendum
1154 1211 1260 1292 quidus
1292 1253 1293 1260 ι

42 1297 193 1356 uitandum
212 1294 259 1379 sit,
276 1295 411 1371 noveris,
428 1298 550 1370 bymaoo,
574 1296 719 1358 Hebraeis
737 1289 845 1372 uolua,
869 1297 899 1358 in
916 1317 1026 1377 genere
1044 1317 1111 1362 esse
1123 1315 1191 1376 cos,
1209 1298 1261 1379 qni
1331 1347 1337 1354 .

42 1381 243 1444 tortitudinem
260 1391 288 1442 ct
304 1383 483 1462 rnajestatcru
500 1383 554 1448 Dei
571 1383 741 1464 praedicant
758 1383 949 1466 ejusdemque
965 1405 1081 1465 semper
1102 1387 1148 1447 rol
1166 1387 1260 1446 beno-

44 1471 108 1530 bcia
126 1467 174 1531 rel
190 1469 271 1530 lacta
288 1469 437 1544 urirautur,
460 1489 517 1548 quo
534 1489 634 1548 ornnes
651 1479 782 1550 spectent
797 1475 909 1550 pociori,
929 1472 1035 1552 quibus
1052 1464 1154 1533 orobba
1171 1491 1260 1550 prae·

44 1557 173 1638 positum
190 1555 235 1618 vel
252 1556 415 1635 subjectum
432 1556 487 1631 sit,
513 1556 562 1636 qui
580 1560 702 1642 verovde
718 1557 921 1636 superioribus
937 1557 1066 1637 disputet
1083 1565 1111 1618 et
1129 1574 1260 1618 concon·-
1308 1579 1313 1590 ·

45 1657 100 1727 tum
119 1643 224 1705 muudi
242 1644 429 1723 casulamque
452 1655 651 1704 creaturarum
677 1644 808 1704 ordinem
826 1653 914 1724 atque
937 1642 1124 1705 concordiam
1142 1643 1260 1706 subtilis

44 1734 210 1812 disputator
225 1729 383 1804 edisserat,
407 1730 493 1796 istum
510 1734 657 1809 spirituale
673 1751 779 1792 canere
794 1737 946 1806 cauticum,
971 1731 1020 1792 cai
1043 1730 1206 1794 sententiae
1222 1731 1261 1794 t.

44 1817 352 1896 Mariorntusi),
376 1817 415 1880 Ι).
433 1817 653 1895 Kaibbe††)
677 1825 705 1878 et
731 1817 767 1877 F.
792 1813 1048 1895 J.Liitke†††.)
1073 1837 1132 1876 nou
1155 1837 1261 1896 parurn
1290 1857 1294 1864 ·

44 1909 144 1970 lavere
160 1905 306 1967 uidentur.
343 1903 463 1966 Levites
483 1914 578 1966 autera
594 1903 682 1986 bajus
699 1903 896 1966 distinctionis
913 1903 958 1966 vel
974 1903 1042 1965 itrdc
1059 1903 1260 1982 cognoscitur,

46 1997 121 2076 quod
146 1993 207 2054 ista
224 2000 326 2054 rantra
348 1990 515 2068 interiorem
531 1991 634 2067 Pauli,
660 1992 700 2054 uti
724 1991 783 2072 J'aur
808 2000 893 2052 autea
920 1991 1102 2068 rnouuimns,
1125 1998 1261 2068 montom,
1323 2039 1330 2050 .

45 2083 119 2143 lalso
134 2101 178 2178 px
192 2078 373 2160 psalmorum
391 2089 501 2140 tautum
519 2075 593 2138 libro
621 2079 767 2162 derivetur
782 2079 902 2158 bacque-
912 2078 1056 2140 mediante
1072 2097 1161 2140 uoces
1176 2071 1262 2154 rpot-
1334 2143 1336 2155 ,

46 2168 105 2246 pol,
130 2186 226 2244 cpont
243 2175 271 2226 et
287 2159 374 2243 ᾠδαὶ,
396 2163 460 2225 illic
475 2165 594 2246 saepius
611 2165 723 2242 obuiae,
747 2164 917 2244 significatu
934 2174 1127 2241 coarctentur,
1149 2173 1182 2226 ut
1196 2165 1262 2226 dor-1

47 2276 109 2318 mac
121 2253 263 2330 dicendi,
289 2245 346 2335 qna
364 2251 493 2333 Spiritus
518 2253 607 2315 utitur
628 2252 762 2331 dirinns,
787 2252 875 2314 latius
897 2253 1025 2315 mananti
1040 2250 1084 2313 'ac
1100 2251 1262 2312 dominanti
1310 2307 1317 2318 ‚
1342 2289 1344 2294 -

47 2365 95 2404 ure
120 2340 342 2408 contradicatur
366 2349 476 2420 aperto.
515 2341 551 2404 A.
575 2337 827 2419 Calavius†*)
850 2353 916 2400 cum
939 2340 997 2401 Fr.
1023 2335 1262 2414 Gamaro†**)

47 2433 104 2510 jaan
122 2440 185 2492 tum
204 2449 240 2490 ex
257 2427 434 2489 creberrima
449 2426 597 2488 notionum
613 2427 736 2489 istarum
753 2424 917 2489 observarit
933 2425 1132 2506 usurpatione,
1153 2423 1267 2484 laxiori·

47 2517 114 2579 illus
132 2515 394 2596 significatusnmi
412 2525 440 2576 et
452 2514 620 2595 promiscae
636 2514 677 2574 ita
694 2514 769 2574 iuter
785 2535 818 2574 so
837 2512 1014 2594 permisceri,
1037 2520 1069 2572 ul
1084 2513 1187 2591 psalmi
1202 2529 1263 2570 nou
1378 2541 1386 2548 -

50 2607 104 2667 sint
121 2611 234 2666 tautum
251 2601 445 2683 paraenetici,
470 2600 672 2663 verumetiam
691 2600 877 2662 enclrnristici
896 2610 923 2662 et
939 2597 1100 2680 prophetici
1119 2606 1147 2658 ct
1169 2596 1262 2659 ricio-

51 2694 102 2754 sirn
119 2695 191 2754 cclcc
206 2691 313 2752 sistant
329 2688 561 2774 adhortationes,
586 2689 749 2764 electrinas,
776 2688 992 2749 olebortaticnes
1010 2697 1038 2748 ct
1052 2683 1263 2768 reprehensio-

53 2801 117 2858 nes,
149 2781 228 2860 quod
254 2773 418 2858 pariterolc
447 2779 554 2862 bpuraie
579 2775 701 2838 sedulus
734 2772 810 2836 sacri
843 2774 953 2836 codicis
977 2773 1072 2836 lector
1102 2771 1263 2833 annotabit.

54 2869 175 2944 Quaado
193 2885 279 2947 porro
297 2862 447 2938 nonnulli,
472 2864 583 2925 ratione
600 2863 738 2924 tuateriae
761 2855 906 2938 ψαλμοὺς
931 2869 958 2922 et
981 2853 1062 2938 ᾠδὰς
1085 2859 1126 2920 ita
1148 2858 1263 2918 disc'cr-
1292 2913 1294 2919 ,

55 2965 134 3032 runt,
163 2963 195 3014 ut
217 2952 260 3013 illi
284 2951 418 3013 dicantur
434 2953 470 3010 de
486 2950 572 3012 lactis
589 2950 678 3010 rebus
697 2947 809 3012 etnsui
826 2946 909 3026 primi
931 2946 1030 3025 templi
1047 2942 1264 3024 Hierosolymi-

56 3043 108 3104 tani
125 3039 241 3119 dicatis,
259 3038 315 3100 hae
332 3041 368 3099 dc
385 3034 662 3099 tristibus'ruateriis
679 3044 707 3095 ct
722 3033 752 3092 in
770 3033 875 3112 templo
894 3034 1024 3094 secundo
1042 3029 1178 3107 cantatis,
1195 3037 1264 3088 tunc

58 3128 174 3210 quilibet
192 3125 289 3189 statim
306 3123 487 3200 observabit,
511 3123 677 3204 opinionem
700 3123 776 3182 banc
801 3119 983 3200 argumentis
1007 3115 1110 3180 solidis
1127 3133 1193 3178 esse
1211 3116 1264 3176 de·
1358 3137 1361 3142 ¹

58 3217 180 3278 stitutum
198 3225 226 3278 et
243 3217 279 3275 ab
297 3234 353 3276 usn
369 3213 518 3276 notionum
534 3211 565 3272 in
581 3205 858 3297 sacrispronriscuo
875 3203 982 3282 refelli.
1002 3241 1039 3250 —
1059 3201 1088 3286 ᾗ.
1102 3203 1133 3268 6.
1156 3205 1272 3284 brera-

59 3305 160 3382 pariter
177 3300 473 3378 abluditdiscrimen,
500 3298 626 3362 afurma
641 3298 744 3358 barum
762 3295 927 3358 cautionum
946 3293 1063 3356 divorsa
1079 3290 1210 3372 petitum,
1236 3289 1267 3352 vi
1343 3320 1349 3336 ι

60 3391 138 3472 cnjus
162 3388 287 3470 psalmi,
311 3377 372 3447 ἀπὸ
388 3383 447 3446 τοῦ
462 3375 596 3464 ψάλλειν
622 3383 709 3459 dicti,
735 3381 1040 3446 denctuut'cantiunes
1058 3378 1211 3454 metricas,
1234 3375 1267 3450 in

61 3479 162 3558 quibas
180 3475 370 3546 decantandis
387 3479 502 3554 praeter
516 3473 648 3554 liugnam
661 3470 793 3536 adbiberi
810 3470 906 3532 solent
921 3465 1137 3548 musicactiarn
1154 3465 1267 3526 instrat-

61 3575 181 3651 meuta„
195 3585 236 3627 ex
250 3561 479 3646 quibus'eminet
495 3551 781 3642 pulcriptoa††**)‘3
805 3562 920 3650 immacu
944 3565 1046 3638 postea
1071 3551 1173 3616 volunt
1198 3569 1267 3613 esse

60 3725 281 3744 u—-n--q--t

123 3819 151 3888 *)
171 3818 258 3885 haef
278 3796 442 3885 despecturos
461 3817 540 3882 dicit,
565 3830 618 3866 ιιοιι
639 3820 759 3866 constare
779 3811 868 3877 nobis,
896 3808 972 3876 qualo
989 3804 1128 3868 discrimen
1147 3803 1182 3858 sit
1199 3803 1269 3856 iuter

63 3891 156 3942 nomino
176 3889 332 3957 psalmorum
354 3887 476 3938 initialia.
505 3915 509 3922 «
765 3927 771 3934 ,

101 3958 177 4090 'iii
192 3955 518 4086 iui'i'f‘iiiiilig'it
535 3950 916 4082 t..⁶.ii..ilt.·1.1...t‚,1.
937 4010 965 4080 §-
983 4007 1008 4064 t.
1030 4025 1056 4078 p.
1075 4025 1110 4062 n.
1128 3989 1211 4069 aaa
1323 3977 1326 3980 ’

127 4097 156 4156 ᾧ)
177 4095 206 4144 ia
222 4109 312 4158 eapoo.
333 4093 393 4145 eorl.
414 4093 442 4140 in
461 4091 535 4154 epist.
553 4089 590 4137 ud
607 4088 704 4152 Epiros.
724 4087 749 4136 5.
1334 4101 1339 4110 ·

127 4163 178 4228 ††)
197 4162 226 4210 iu
246 4169 374 4214 comoneat.
393 4161 430 4208 ud
448 4160 542 4218 Gulussa
562 4157 588 4218 3,
609 4157 652 4207 tt.
672 4171 697 4221 p.
716 4155 751 4205 m.
772 4151 831 4208 532.

128 4231 199 4294 †††)
219 4231 393 4295 incontinent.
412 4228 452 4278 ud
467 4228 560 4278 coloso.
578 4225 604 4276 3.
623 4241 648 4292 p.
668 4238 703 4273 ιιι.
723 4221 800 4274 905.’

128 4300 172 4364 †*)
194 4299 224 4348 ia
242 4305 372 4360 commeat.
389 4297 425 4346 ad
444 4295 540 4360 preo.
559 4295 584 4344 5.
605 4291 711 4360 palii.

127 4359 193 4432 pur)
213 4367 242 4415 iu
261 4365 354 4430 explic.
371 4365 408 4414 ud
429 4365 523 4416 Gulusa.
542 4361 568 4413 3.
588 4377 614 4428 p.
634 4359 694 4412 573.
810 4415 815 4430 κ

125 4433 207 4502 †***)
229 4433 414 4502 quudNiretao
433 4447 465 4484 en
473 4431 623 4484 Athenariu
640 4427 685 4498 (T.
695 4428 722 4487 λ.
737 4425 803 4496 Opp.
822 4441 848 4495 p.
859 4423 933 4493 ill.)
953 4423 992 4478 itu
1009 4418 1147 4486 catorbite
1165 4409 1223 4470 ἐστὶ
1238 4407 1270 4466 τὸ
