2968 4896
322 199 911 344 ¹rtueuepurrqerteterpccteitec
1011 341 1017 352 .
1186 241 1252 312 rrt

28 397 112 480 rotie
128 406 360 486 ποιμαινουσσο,
383 415 477 485 Qeere
490 412 662 492 mineo·
674 427 744 484 οισι,
759 413 810 475 dur
824 415 982 490 perrprtuuc
995 414 1156 476 rrtrtm
1169 419 1251 492 tprre·

30 508 86 572 tce,
106 499 165 560 oud
179 499 276 573 {orreo
290 496 413 572 fidelium
428 504 673 578 ιίσσυιιιυισοιιιισ,
696 509 777 578 otpue
792 500 851 560 iilic
864 517 971 561 errem
984 517 1051 560 σιισσ
1065 499 1252 568 dmm-r*

31 595 84 657 tec,
105 587 193 665 idque
208 606 240 646 ou
256 587 401 658 cuduntur,
422 607 476 666 pun
489 592 603 665 tprtmet
614 592 771 664 ipmtiom
805 585 840 647 lu
857 593 973 664 promtu
987 582 1073 648 notris
1087 597 1163 662 est,
1176 589 1251 668 qued

34 674 265 753 respondemus.
297 671 425 734 Prinnru
443 672 579 736 contendi
603 673 690 736 detret
712 691 779 742 cun
803 670 859 734 hoc
874 671 967 735 iudeo
989 670 1055 734 loce
1071 669 1149 735 etius
1162 673 1251 754 Petri,

36 781 125 840 queur
142 759 253 839 etipse
268 758 469 839 trigetioutins
486 760 527 824 nit
541 759 620 842 toqui
638 759 731 822 uttern
747 758 872 840 epistole
888 757 1004 822 deictis
1019 759 1135 840 egopie,
1152 781 1251 830 rem

35 867 201 929 suppresse
217 865 317 910 cernor
341 847 476 924 nomine,
502 850 578 928 qued
594 847 686 910 iudos
709 845 896 927 expresserit.
936 843 1030 925 igitur
1048 857 1170 928 utroque
1185 848 1252 914 loeo

37 935 216 999 mentionem
233 933 366 1002 sidereos
383 934 494 1002 nutiere
509 934 572 998 ieri
590 932 870 1012 circumvagantium
886 933 1090 1012 seductorum,
1116 935 1160 1000 rei
1176 957 1251 1018 epo*

38 1031 182 1084 staterurn
206 1021 475 1102 peregrinantium,
498 1023 552 1084 sed
568 1019 619 1086 ttto
635 1021 714 1086 Petri
732 1021 849 1084 disertis
866 1019 963 1082 rertris
978 1021 1129 1084 doctorum
1146 1034 1175 1088 et
1195 1045 1251 1105 pe·

38 1121 153 1172 stororn
177 1109 342 1186 ecciesiae,
368 1111 417 1190 qui
441 1108 532 1190 spurii
559 1109 634 1186 sint,
660 1119 688 1172 et
710 1109 766 1173 iste
784 1108 901 1172 nomine
922 1127 958 1173 uc
983 1127 1102 1174 munere
1125 1109 1252 1192 indignit
1306 1100 1316 1108 ”
1354 1167 1361 1188 ,

39 1198 123 1276 Quos
140 1195 184 1258 eit
201 1195 365 1262 exoritnros
381 1217 449 1260 erse
465 1201 590 1274 dentone,
604 1197 731 1276 suisque
747 1194 906 1271 coloribus,
930 1205 961 1259 ut
975 1197 1099 1274 ιιιοοοσί
1116 1201 1251 1278 quende-

40 1306 94 1365 qne
112 1295 252 1365 possent,
276 1283 317 1346 ite
340 1283 489 1365 depingit,
514 1283 598 1365 quusi
620 1284 681 1364 jorn
706 1294 765 1346 tun
787 1293 960 1363 praesentes
977 1283 1124 1350 nituerint.
1159 1287 1251 1352 indue

38 1369 126 1436 Petro
145 1371 265 1452 scripsit
279 1371 393 1445 scrius,
418 1371 486 1452 qui,
510 1371 569 1452 jain
584 1364 820 1449 ποριιοέδυοαι,
843 1368 953 1450 inquit,
977 1361 1145 1452 ἅνθρωποι
1160 1393 1250 1451 cereo

40 1480 113 1539 qnos
129 1458 207 1540 ipsis
224 1457 293 1537 iilis,
317 1458 426 1539 quidus
444 1477 530 1520 nsum
549 1457 682 1520 ridemus
699 1476 767 1520 esse
783 1456 911 1533 Petrunr,
933 1453 1083 1518 coloribus
1100 1459 1250 1538 enonttr,

41 1559 72 1610 nt
88 1565 214 1608 necesse
231 1546 270 1608 sit
286 1549 403 1610 eosdern
420 1531 723 1625 ψιυδοδιδοοκάλιυς
742 1561 826 1620 οσσο,
850 1545 900 1624 qui
915 1555 985 1606 suot
999 1564 1018 1606 e
1032 1545 1119 1608 Petro
1135 1565 1249 1627 repopo-

40 1631 217 1714 ppnpps'ecr.
255 1633 411 1710 Conferet,
436 1632 484 1713 qui
501 1631 651 1697 studiosus
667 1642 728 1708 est,
750 1630 905 1710 epistoirrnr
920 1631 1013 1694 Jodoe
1029 1651 1047 1692 ιι
1063 1651 1150 1695 rerso
1166 1633 1196 1696 3.
1213 1636 1250 1696 ud

43 1741 134 1801 nsque
153 1721 204 1782 te.
228 1741 293 1783 conr
317 1718 411 1786 nitere
427 1719 505 1784 Petri
528 1729 587 1781 toto
611 1718 702 1780 terroe
725 1717 819 1798 capite
842 1719 989 1792 seeundo,
1013 1729 1042 1780 ct
1064 1718 1250 1799 eretrnrttr,

38 1810 143 1871 toerro
161 1805 278 1870 colores
295 1807 362 1871 ilios
379 1829 398 1870 s
414 1808 500 1870 Petro
516 1816 676 1870 mutnetnrn
693 1805 794 1868 rideri.
831 1806 917 1883 Quod
934 1803 980 1866 trio
998 1827 1033 1868 oe
1050 1827 1108 1868 nou
1123 1806 1250 1872 erton

38 1895 106 1976 ipsi,
131 1895 201 1976 quin
217 1894 304 1958 nimis
320 1893 507 1958 erubitiesuru
525 1894 600 1956 ieret
614 1890 711 1956 aliene
727 1890 795 1954 loco
811 1891 969 1974 propositis
987 1892 1137 1975 otriurquo
1153 1896 1250 1960 ueritis

39 2003 76 2044 err
91 1983 168 2046 inter
184 2003 217 2044 se
235 2003 415 2065 comperero.
445 1983 532 2044 Nunc
548 1992 579 2042 ut
593 1979 807 2060 Ligirtioetiuru
822 1981 886 2042 suis
901 1979 997 2061 ipsius
1013 1981 1110 2044 seroie
1127 1981 1250 2047 resettr-

37 2091 125 2148 mos,
148 2070 170 2132 i.
188 2089 232 2144 c.‚
256 2071 286 2134 in
309 2092 344 2134 eo
367 2068 529 2135 retettooeo
545 2089 628 2132 suern
650 2067 790 2133 cretionis
807 2067 981 2149 elegantiam
998 2080 1138 2150 qucum
1157 2080 1251 2151 potest

37 2155 196 2237 imitemur,
217 2155 269 2220 ille
285 2167 392 2226 sensns
409 2160 445 2222 de
460 2156 565 2237 οιιρίσ
582 2153 720 2236 congruit
735 2155 842 2238 optirne
859 2173 930 2237 pree
946 2155 1082 2220 onrnitrne
1097 2157 1166 2224 etiir
1183 2180 1249 2222 σοι

36 2244 103 2308 loco
120 2246 229 2308 indae.
262 2245 337 2308 Naro
353 2235 678 2324 prendodrdncrrriiovp,
702 2245 738 2306 de
755 2243 862 2324 qrritrns
877 2243 983 2306 Petrus
1000 2242 1031 2306 iu
1045 2243 1196 2323 terminis,
1221 2257 1251 2310 et

35 2335 129 2396 indes
145 2331 218 2394 licet
233 2351 294 2411 nen
309 2331 340 2394 in
356 2331 496 2408 terminis,
513 2342 544 2394 ut
560 2330 672 2412 opinor,
691 2351 780 2394 cuore
796 2330 877 2392 οιιΙΙιι
893 2341 946 2406 est,
965 2329 1033 2411 quin
1050 2330 1249 2408 Liphtieetiue

38 2423 153 2502 eisque
170 2417 237 2486 nile
250 2420 391 2500 ,scrcpnio
406 2421 444 2484 ed
467 2435 581 2500 upupis
595 2417 780 2482 udruiceuros
796 2418 854 2494 sit,
877 2416 984 2498 quippe
1001 2436 1077 2498 eoos
1095 2439 1131 2480 ex
1147 2423 1248 2482 erden

36 2509 170 2572 ecclesie
192 2507 374 2573 concesserit
390 2525 457 2570 esec
477 2525 575 2586 pesse.
614 2503 761 2568 Dicuntur
784 2525 803 2568 u
824 2505 911 2567 Petro
934 2498 1041 2568 certo
1063 2501 1119 2568 ret
1136 2501 1249 2583 ιιοῖμοι,

37 2617 111 2676 qoos
135 2594 312 2675 interpretor
328 2613 386 2676 ego
404 2592 534 2659 necuter
552 2603 581 2654 et
604 2591 711 2672 probro
729 2591 818 2662 tutius
836 2589 990 2676 ecclesius.
1028 2591 1114 2671 Quod
1138 2592 1194 2655 nisi
1212 2596 1249 2662 de

35 2681 125 2746 irrisis
143 2681 330 2756 doctoribus,
355 2681 405 2763 qui
423 2681 517 2744 tocurn
534 2678 564 2742 in
579 2679 686 2758 agapis
701 2679 873 2756 tribuerint,
897 2678 1032 2761 equidem
1049 2697 1108 2742 nou
1123 2679 1251 2746 arbitrer

35 2771 92 2832 diei
113 2789 216 2851 posse.
251 2771 325 2834 Nnrn
343 2769 409 2850 quis
425 2766 572 2831 ecclesiae
588 2769 753 2846 opprobret,
778 2769 866 2846 quod,
891 2787 956 2828 curn
973 2778 1058 2830 notos
1074 2767 1249 2849 ignotosque

35 2879 139 2920 omnes
156 2855 286 2937 hospitio
302 2855 462 2920 titerrttrer
478 2852 614 2935 recipire,
630 2853 705 2916 iuter
720 2873 772 2916 eos
786 2853 931 2934 receperit
946 2854 983 2917 nd
1001 2865 1114 2933 ternpus
1129 2853 1248 2934 otique

35 2945 133 3008 melos
151 2943 256 3022 etiern,
280 2964 355 3026 quos
371 2961 390 3004 ιι
406 2943 491 3006 bonis
507 2942 572 3022 ipsu
588 2939 768 3018 distinguere
786 2960 843 3002 oon
870 2940 1007 3020 petereti
1044 2939 1082 3002 Et
1104 2941 1258 3020 murm,

35 3055 113 3114 qnoe
130 3033 248 3094 tondern
264 3031 381 3112 penitus
397 3030 524 3094 incident
540 3041 627 3110 stow
643 3025 819 3106 inveterant,
846 3026 897 3090 utri
912 3034 1072 3106 conceptue
1087 3038 1165 3105 suut,
1189 3047 1249 3090 σοι

35 3130 123 3182 ernnt
139 3116 277 3182 ecelesiis
293 3117 339 3180 itti
361 3111 517 3197 τολμηταί
535 3113 669 3198 quemvis
693 3124 722 3176 et
747 3103 907 3184 αὐθάδεσι
922 3113 1071 3194 Ιιοιοίιοι,
1096 3113 1145 3194 qui
1165 3109 1248 3177 'rucei
1302 3173 1308 3181 .

33 3198 534 3358 titttt‘t‘ttttitttttt‘
551 3200 939 3357 'tttttrt'ttttt'tt
953 3199 1248 3368 “ttttttt'tt

49 3318 65 3358 θ
241 3335 242 3338 ’
944 3335 952 3365 ι

34 3381 104 3464 quie
121 3386 265 3462 perpetuo
281 3389 413 3455 necent,
436 3377 495 3442 uisi
511 3313 679 3455 ieiunetur,
706 3387 736 3440 et
750 3377 858 3457 preire
872 3375 1033 3455 ecciesiae,
1058 3397 1133 3459 quse
1148 3375 1249 3442 socius
1287 3410 1293 3420 =

35 3490 155 3544 ecrum‚·
176 3467 407 3548 siantteudiscet,
429 3465 533 3548 punire
550 3475 672 3545 peteret.
711 3463 770 3526 Sed
788 3485 883 3546 neque
899 3462 967 3542 hoc,
993 3474 1024 3526 ut
1038 3480 1097 3544 ego
1112 3464 1249 3543 arbitror,

34 3568 104 3637 epte
120 3555 393 3636 convenienterque
405 3554 436 3616 in
452 3569 504 3618 eos
520 3551 578 3614 diei
594 3561 699 3633 petest,
721 3550 832 3616 nisiex
847 3555 949 3616 eedem
963 3549 1100 3626 ceetortr,
1123 3553 1184 3614 iton
1194 3563 1249 3628 oet,

33 3645 127 3706 orins
144 3653 173 3704 et
189 3651 287 3706 certes
303 3653 435 3724 penteres
453 3639 606 3716 ecciesiae,
622 3639 741 3703 tuerint.
775 3639 813 3700 Et
830 3651 862 3701 ut
878 3637 1028 3720 intelliges
1043 3639 1178 3702 docteres
1195 3657 1249 3700 re·

34 3731 196 3811 gohnndor
213 3728 282 3792 iilos
299 3740 327 3792 et
342 3727 501 3806 erraticos,
523 3726 595 3790 eiiii
613 3726 707 3802 eninr,
730 3724 756 3787 si
774 3724 841 3806 quis
856 3725 900 3790 itu
914 3727 1087 3800 occentet,
1112 3723 1248 3805 impedio,

35 3827 136 3882 temen
152 3814 201 3880 his
215 3838 330 3898 quoque
346 3814 431 3878 locus
446 3825 492 3878 est
507 3813 537 3876 in
554 3813 880 3894 ogopisnssipnondus.
903 3814 976 3877 Neci
988 3810 1248 3893 quisicdedocte·

35 3928 97 3968 reon
125 3902 303 3980 excluserit,
327 3924 385 3986 quo
410 3901 551 3982 recipitur
573 3897 635 3972 πᾶς
650 3921 706 3971 τις
730 3897 793 3960 coir
819 3896 942 3968 πιστῶν
959 3894 1089 3982 ,λοῖσὸος
1113 3899 1191 3964 ΙΝοιι
1217 3900 1247 3962 id

34 3994 137 4076 iecere
155 3989 325 4068 Christiani,
349 4009 425 4072 quos
442 3989 548 4054 Petrus
565 3999 594 4050 et
608 3989 701 4052 tortas
718 3985 901 4067 adloquitur
924 3994 1040 4050 netute
1055 3986 1173 4064 fremis,
1197 3988 1249 4069 qui

35 4099 140 4163 speres
156 4078 219 4142 ittic
243 4097 312 4142 esse
335 4077 515 4159 prudentior.
552 4077 625 4139 No'or
638 4074 849 4142 ,describuntur
864 4073 905 4136 at
929 4084 1052 4155 utreque
1067 4072 1201 4156 opestdo
1218 4073 1249 4136 oi

34 4157 320 4246 ψευδοδιδάσκαλοι
334 4157 601 4246 συνευωχούμενοι
616 4167 683 4232 τοῖς
698 4162 832 4231 cirron.
863 4161 917 4222 Est
932 4160 1010 4226 enirn
1028 4162 1158 4243 propios,
1174 4171 1206 4226 nt
1221 4171 1249 4226 ct

35 4257 114 4334 opud
130 4255 236 4316 Jndorn
252 4251 369 4334 legetur
379 4239 648 4331 ,συνευωχούμενοι
666 4242 753 4325 inte,
779 4258 813 4310 nt
828 4247 938 4330 eptiure
949 4248 1171 4330 Stepheuerurn
1181 4247 1248 4311 odi·-

34 4341 133 4406 tiones
150 4339 300 4404 exhibent.
317 4390 320 4404 .
338 4339 385 4402 Ac
402 4339 470 4402 cord
488 4349 576 4418 potos
591 4353 691 4400 cernes
709 4335 841 4422 ejusdem
856 4335 1001 4400 eeclesiae
1017 4336 1201 4400 Christianus
1217 4333 1248 4394 iu

34 4427 234 4500 xenodochiis
251 4426 397 4496 ordinarie
411 4433 551 4497 coeuntes
568 4441 653 4506 ecee,
677 4421 853 4506 qrienoan
867 4423 913 4493 illi
928 4421 1033 4507 epulus
1050 4422 1126 4487 inire
1139 4421 1248 4484 etum
