2942 4892
216 283 227 292 .
324 237 361 300 de
378 238 487 300 veteris
503 235 578 303 ecel.
594 198 873 322 irrepercussa
895 219 1004 320 rigore
1041 256 1043 264 ’
1204 239 1271 318 200
1343 239 1345 248 ’

20 409 164 475 tentiae
168 417 293 491 trapis
311 413 351 476 ab
362 413 504 516 episcopo
521 413 560 479 iis
580 415 792 496 presseriptuor
808 415 924 498 luerat,
949 437 1008 485 noo
1025 437 1114 486 ιιιιιιιιι
1134 416 1270 498 idemque

18 495 223 576 illuderet,
246 501 297 562 sed
325 521 377 580 pro
401 501 553 568 atrocitate
578 503 714 568 sceleris
728 503 871 566 variabat.
907 503 967 580 Qui
991 504 1177 566 necessitate
1186 525 1269 571 com

19 584 127 664 pulsi
138 586 212 648 Diis
230 586 360 666 gentium
377 587 613 667 immolaverant,
637 591 675 656 iis
694 603 803 656 anuum
820 591 924 654 Patres
941 591 1091 668 deliniant,
1109 591 1269 668 trienninm
1313 589 1318 599 '

21 683 154 774 sponte
170 673 404 740 sacrificantibus
422 685 452 740 et
470 675 623 740 homicidis
641 667 941 760 quinquennium.
965 681 993 762 ᾗ.
1013 681 1062 744 18.
1082 639 1294 762 ’Sequebatue

22 751 242 862 ὑπόπιιιιις,
259 763 366 828 tertius
379 765 579 866 poeniteutiae
596 765 733 846 publicae
750 769 870 846 gratim,
888 768 926 828 ad
944 787 1028 847 quern
1054 769 1267 848 promereban-

25 857 99 924 tur,
121 847 220 928 quiin
241 852 386 931 superiori
405 861 519 933 tempus
535 853 702 919 canonibus
720 853 868 919 delinitura
885 869 1069 952 exegerant.
1089 855 1176 916 Ηιιιιι
1194 877 1268 936 gra·-

24 938 113 998 duur
136 923 417 1040 dnobuspriorilr'us
433 941 627 1006 ealditccnon.
648 944 697 1006 ll.
715 963 757 1022 ep
777 941 933 1044 Gregorii:
952 935 1024 1002 H
1009 930 1198 1018 nuceranae,
1215 944 1267 1008 ἵνα

26 1022 176 1085 ἔσωθεν
193 1021 250 1101 soie
267 1015 373 1104 arillae
391 1025 448 1092 τοῦ
466 1025 544 1090 acori
560 1016 722 1106 ἱστάμενος
744 1017 820 1106 μετὰ
842 1027 905 1093 coin
921 1027 1158 1110 aacqpoope'aom
1180 1026 1267 1111 ἐξέρμ

27 1131 152 1192 χηιιιι.
196 1109 333 1176 Meminit
351 1121 380 1176 et
395 1114 485 1196 lrtrjus
510 1126 576 1217 post
593 1120 774 1191 Ancorarium
788 1121 934 1182 manilium
950 1139 1014 1181 carr.
1033 1117 1113 1178 lli.
1098 1126 1126 1180 et
1147 1117 1200 1180 23.
1217 1141 1266 1194 sp-

28 1201 138 1260 aorlas
156 1204 301 1273 Νιιιιιι,
325 1223 388 1266 ιιι
411 1205 461 1266 ll.
481 1214 510 1266 et
533 1203 637 1268 insen
661 1207 698 1266 ad
715 1208 938 1284 Arapbiloclrium
954 1225 997 1284 ep,
1018 1206 1102 1266 modo
1125 1202 1265 1275 laudatus

27 1284 191 1349 Basilius.
237 1245 380 1352 Stolionis
405 1289 492 1356 istius
515 1290 696 1367 loeus-inter
713 1292 870 1355 audientes
887 1303 918 1354 et
940 1291 1043 1362 fideles
1065 1301 1127 1354 erat
1145 1296 1182 1353 ad
1200 1313 1265 1356 am-

29 1377 152 1436 bonem
172 1391 267 1455 usque
284 1377 443 1455 dedoctus,
470 1379 592 1440 oboram
615 1400 641 1440 s.
658 1379 819 1460 pulpitum,
845 1378 1020 1452 orbicularis
1045 1378 1265 1460 utplurimum,

30 1463 174 1541 ligures,
190 1483 272 1524 muro
291 1464 526 1546 circunseptus,
547 1487 585 1530 ιιι
600 1487 657 1546 qno
675 1466 860 1546 evangelium
878 1475 906 1528 et
922 1465 1063 1546 epistolae
1078 1464 1265 1548 legebantur,

28 1553 170 1634 hymnos
195 1549 383 1633 psalmosque
405 1553 554 1616 interioris
581 1554 696 1618 ordinis
720 1553 818 1618 cleros
842 1553 1047 1617 modulabatur
1070 1573 1203 1636 suosque
1226 1559 1265 1625 ad
1324 1567 1338 1602 s
1416 1645 1420 1652 ι

32 1639 218 1702 concionem
245 1657 397 1706 sermones
427 1643 574 1705 trabebant
599 1641 739 1722 episcopi.
784 1641 823 1704 m
853 1661 926 1707 sese
950 1640 1108 1706 stationum
1135 1639 1264 1720 illarum,

32 1745 119 1828 quas
141 1726 173 1793 ia
198 1727 394 1828 poenitentiae
411 1731 540 1794 decursu
557 1729 668 1792 emetiri
681 1731 862 1812 jubebantur
879 1729 965 1809 lapsi,
980 1729 1115 1792 omniurn
1131 1729 1264 1796 laborio-

33 1815 169 1876 sissima
186 1825 258 1877 erat
272 1807 464 1893 ὑπόπτωιιι,
490 1837 548 1878 uon
566 1825 644 1880 certe
660 1840 752 1880 reram
767 1821 922 1880 coelestiam
940 1841 974 1880 oc
989 1839 1175 1898 supernorum
1194 1842 1263 1884 coa

33 1906 199 2004 temptatio,
218 1912 249 1962 ut
263 1902 387 1964 reddidit
402 1904 479 1966 Rob.
493 1903 703 1983 Bellarmions,
720 1907 806 1986 enjus
825 1925 951 1966 errorem
967 1906 1027 1985 jam
1045 1907 1154 1968 dudum
1172 1909 1263 1971 casti·
1320 1927 1324 1942 ¹

35 1989 125 2070 gavit
142 1989 394 2067 lacrimationes
413 1995 712 2067 (temereternere
728 2000 893 2069 Barooiam,
911 1999 1029 2072 XV1.p
1010 1995 1138 2073 pase).
1161 1995 1263 2060 Durae

36 2089 67 2140 et
91 2079 221 2143 acerbae
247 2079 276 2138 in
299 2099 334 2141 ca
353 2080 569 2159 poenitentibus
591 2081 769 2144 calamitates
793 2080 932 2144 serendae
957 2091 986 2142 et
1004 2081 1172 2158 eruciatus,
1194 2083 1263 2147 ideo

36 2167 130 2227 etiarn
151 2163 220 2227 lruie
245 2185 314 2245 prae
333 2167 457 2248 reliquis
480 2167 597 2232 stationi
617 2159 858 2249 adspernatione
880 2189 986 2232 nomen
1012 2169 1160 2248 peculiare
1184 2173 1264 2244 alodii

34 2252 189 2316 Basilius.
233 2253 291 2314 Hic
310 2275 421 2334 poenae
442 2255 656 2335 poenitentibus
681 2257 848 2335 irrogatae,
868 2277 958 2336 opera
980 2255 1129 2318 laboriosa
1148 2257 1187 2320 iis
1205 2258 1262 2322 irn-
1293 2255 1295 2266 '

36 2341 150 2423 posita,
168 2361 243 2421 qnae
257 2361 296 2402 an
309 2341 519 2420 diligenterilli
533 2354 757 2425 exequerentur,
774 2345 864 2424 probe
877 2344 1075 2419 attendebant,
1093 2343 1143 2423 qni
1160 2365 1262 2414 cruram
1279 2387 1280 2395 ι

37 2447 145 2492 eorum
169 2431 320 2506 gerebant,
367 2429 423 2498 llic
444 2430 570 2510 vigiliis,
594 2431 717 2513 jejuniis
737 2439 766 2492 et
788 2430 968 2492 cruciatibus
987 2429 1132 2492 diuturnis
1152 2453 1262 2514 corpus

38 2519 248 2593 macerabant,
278 2516 401 2582 aethaeo
417 2537 518 2597 genua
533 2520 682 2583 flectentes
702 2539 808 2600 pronos
827 2519 857 2580 in
876 2530 980 2582 terram
997 2539 1064 2582 sese
1082 2517 1263 2600 abjiciebant
1376 2543 1379 2557 ¹

38 2626 109 2668 cunr
126 2604 238 2684 gemitu
252 2615 280 2666 et
294 2604 497 2668 lamentis
514 2604 541 2706 ᾗ.
561 2607 608 2670 ll).
629 2607 758 2670 Tantum
776 2605 833 2680 lece
853 2607 1003 2708 peculiare
1024 2607 1172 2670 habebant
1187 2631 1262 2689 poe

38 2695 170 2756 nitentes
188 2693 332 2772 pros'trnti,
352 2697 428 2773 quod
447 2703 504 2754 toto
522 2685 730 2764 ὑποπιώιειις
743 2704 878 2774 tempore
894 2694 924 2754 in
942 2693 1072 2772 singulis
1089 2695 1151 2758 fere
1169 2715 1262 2796 spus

37 2781 168 2843 xibns'
149 2801 187 2842 us
202 2779 282 2852 humi
294 2782 453 2884 prostratis
471 2785 508 2842 ab
526 2781 663 2861 episcopo
676 2802 781 2845 manus
794 2782 1021 2861 imponerentur,
1040 2803 1104 2845 euru
1119 2783 1262 2862 oratione,

39 2890 118 2951 quac
136 2887 273 2934 manuum
292 2868 507 2950 impositionem
525 2871 712 2948 sequebatur.
757 2868 844 2930 Prius
862 2878 976 2930 constat
993 2870 1029 2928 err
1044 2890 1118 2930 coac.
1138 2873 1261 2935 Gortlta-

37 2963 150 3036 9innnsi
165 2963 218 3021 IV.
240 2977 339 3022 canos.
358 2959 416 3018 80:
447 2963 533 3022 Omni
548 2967 668 3037 tempore
677 2959 779 3035 J'eJ'nmi
795 2977 895 3018 manns
911 2957 1111 3034 Jroeaitentibos
1128 2979 1147 3018 c
1163 2979 1261 3024 secer«.

39 3049 151 3108 dotibus
167 3051 336 3124 imponatur.
376 3045 589 3108 Colebrabatur
606 3057 727 3125 uterque
745 3043 817 3106 ritus
835 3053 900 3122 post
915 3043 999 3104 fusas
1015 3063 1104 3122 super
1120 3046 1262 3108 catechu-

40 3153 161 3208 menos,
186 3133 235 3212 qui
256 3135 292 3196 ad
312 3132 489 3212 baptismum
514 3134 773 3213 praeparabantur,
801 3132 831 3192 in
851 3133 950 3193 eodem
969 3152 1033 3200 eum
1053 3131 1129 3194 tertii
1148 3133 1261 3196 ordinis

39 3221 261 3301 poenitentibus
285 3223 383 3299 grarlo
407 3221 622 3296 consistentes,
651 3239 775 3302 preces,
799 3240 874 3300 qnae
895 3227 981 3282 ruisse
1006 3223 1262 3287 catechumenorum

38 3307 181 3372 familiari
197 3307 337 3372 Patribus
353 3329 433 3372 more
452 3309 590 3390 loquendi
609 3307 790 3370 dicebantur.
827 3307 894 3370 Huc
921 3307 992 3368 farcit
1016 3331 1090 3371 coac.
1106 3313 1261 3375 Laodiceni
1318 3337 1321 3342 ¹

40 3417 143 3458 eonon.
166 3399 220 3458 ¹9:
256 3400 335 3470 Quod
357 3408 482 3478 oporteat
503 3403 764 3476 earcomprtaam
781 3407 844 3476 post
866 3399 1047 3458 allocutiones
1071 3404 1262 3476 cpiscoporum

41 3492 184 3548 orationes
202 3506 286 3564 saper
304 3487 509 3548 caterbameaos
528 3487 658 3546 celebrari
674 3495 698 3546 et
713 3495 860 3565 postquam
878 3488 1060 3547 cntcoleameni
1076 3492 1177 3560 cpeessi
1194 3487 1260 3559 fae·

39 3581 109 3649 rint,
126 3593 212 3652 saper
228 3593 283 3646 eos,
300 3580 347 3652 qai
363 3584 428 3636 anot
442 3579 471 3634 ιιι
488 3578 667 3652 poenitentia,
683 3593 788 3652 precem
802 3573 874 3648 pieri.
904 3579 955 3633 llis
972 3579 1055 3632 ctione
1073 3573 1260 3643 accedentibus

40 3664 77 3724 orl
93 3681 210 3721 manant
224 3663 376 3726 sacerdotis
392 3671 418 3722 et
434 3661 598 3722 discentibus
613 3670 669 3720 tres
684 3667 826 3722 oratioms
842 3665 1029 3720 mascnrnrori
1042 3658 1175 3733 fidelium.
1207 3657 1258 3726 Sie

40 3749 134 3828 igitur
153 3750 191 3810 ad
216 3768 352 3810 manuum
371 3747 586 3828 impositionem
611 3747 792 3827 poenitentes
816 3746 846 3806 in
865 3747 920 3806 boc
941 3745 1041 3806 ordine
1065 3745 1180 3824 quidem
1201 3748 1258 3811 ad-

41 3837 259 3912 mirreorum,-
278 3857 395 3914 preenm
420 3855 537 3916 quoquo
563 3841 707 3898 certarum
728 3833 836 3899 fiebant
856 3832 1033 3914 participes,
1057 3843 1086 3894 at
1109 3854 1177 3896 vero
1198 3855 1261 3908 non*

11 3983 13 3994 ,
42 3925 184 4000 ιιιιιιίιιιι,
205 3923 294 3984 multo
313 3924 411 3988 minus
427 3922 632 4001 eucharistiae,
656 3925 709 3990 sed
727 3943 791 3984 cunr
807 3924 845 3984 nd
863 3919 1039 3982 celebranda
1054 3921 1201 4002 mysteria,
1221 3924 1263 3994 erl

43 4033 149 4094 panem
175 4012 371 4113 frangendum
395 4011 498 4082 lideles
516 4013 706 4085 accederent,
731 4031 798 4075 cura
813 4007 1030 4070 catechumenis
1046 4017 1074 4069 et
1089 4007 1261 4077 infidelibus

43 4101 166 4164 diaconi
195 4119 267 4163 roca
298 4100 378 4162 exiro
404 4100 595 4182 jubebantur
640 4098 737 4199 Hujus
767 4094 951 4176 expulsionis
980 4106 1093 4176 praeter
1126 4119 1260 4161 caconem

43 4205 118 4253 eoae.
136 4190 291 4258 Laodiceni
306 4189 390 4252 orode
407 4196 612 4262 memoratam,
635 4184 829 4287 uremiqeruut
846 4184 933 4246 etiarn
933 4188 1104 4292 Aqatlebaee
1119 4195 1145 4246 et
1160 4193 1259 4266 Epeo-

43 4300 126 4338 nense
149 4280 275 4341 ιιιιιιιίι.
320 4275 435 4342 Etenim
460 4276 533 4338 haec
555 4283 637 4336 erant
655 4263 752 4334 illa'
732 4291 854 4354 capara
877 4281 904 4334 et
926 4261 1090 4354 inibique
1110 4271 1262 4354 mysteria,

45 4385 119 4446 quae
136 4363 248 4446 panici
267 4361 384 4427 illorum
400 4374 534 4444 spectare
550 4361 596 4424 fas
613 4373 683 4424 erat.
728 4361 800 4432 ldeo
817 4361 914 4430 etiam
920 4373 1022 4424 exorta
1037 4360 1188 4423 recondita
1205 4359 1259 4420 illa

45 4464 72 4516 et
88 4451 267 4524 venerabilis
283 4451 440 4536 disciplina
457 4450 567 4529 arcani,
582 4470 643 4534 qua
658 4469 730 4519 snae
752 4449 887 4531 religioni
901 4451 1044 4514 adversus
1059 4465 1205 4530 paganos,
1221 4447 1258 4506 de
