2968 4896
266 1387 270 1394 ,
313 1293 550 1414 Theopb
590 1289 843 1406 Schlegel
880 1293 933 1378 de
970 1317 1195 1406 agaparnm
1232 1219 1376 1393 aetate

624 1441 626 1452 ’
691 1429 983 1565 apostolica').

323 1681 445 1746 Animus
469 1679 555 1745 uobis
580 1689 641 1758 est,
667 1689 754 1744 totam
779 1682 815 1742 rle
839 1679 946 1762 agapis
971 1678 1147 1754 doctrinam,
1177 1686 1206 1740 et
1228 1664 1442 1756 nnne'quirlen

238 1769 437 1852 quaestionem
452 1770 487 1830 tle
504 1775 598 1830 aetate
614 1789 715 1830 earnm
726 1762 894 1848 'apostolice
908 1788 1087 1850 proponere,
1112 1776 1143 1827 ut
1166 1763 1261 1828 altera
1282 1761 1442 1842 scriptione,

238 1858 263 1920 si
276 1860 395 1940 ‚qnando
413 1855 499 1928 uobis
517 1855 582 1937 ejus
599 1855 716 1918 occasio
732 1865 878 1931 nascetur,
897 1876 1077 1938 exponamus
1092 1847 1284 1937 interpretum
1302 1849 1398 1914 varias
1413 1848 1441 1906 de

237 1945 416 2026 temporibus
434 1963 469 2004 nc
487 1943 706 2010 ceremoniiset
731 1943 846 2024 origine
863 1963 1024 2024 agaparnm
1044 1941 1197 2024 opiniones
1221 1951 1314 2022 atque
1332 1945 1441 2000 senten-

238 2031 311 2108 tias3
336 2041 372 2102 et,
397 2029 423 2092 si
442 2050 489 2092 res
507 2031 700 2117 eonlereniat,
724 2029 825 2112 aliqua
842 2030 917 2092 lorte
934 2031 1018 2092 tertia
1036 2041 1162 2092 nostram
1180 2027 1315 2108 ipsorum
1333 2020 1439 2104 aperia—
1457 2053 1458 2090 r

237 2138 314 2183 nens.
346 2118 410 2180 Hoc
426 2116 490 2177 loco
504 2119 653 2198 >quandam
671 2119 754 2198 qnasi
772 2138 932 2199 agapnrnm
949 2113 1143 2198 definitionem
1160 2115 1390 2196 praemittemus,
1407 2115 1439 2182 nt,
1457 2169 1458 2184 ,

237 2225 349 2270 summa
366 2205 408 2268 rei
427 2203 553 2266 breviter
568 2225 586 2266 a
602 2204 687 2266 nobis
712 2205 805 2282 dicta,
829 2205 1006 2288 inpartibus
1032 2205 1096 2288 ejus
1118 2202 1334 2285 persequendis
1351 2195 1438 2259 ordine
1457 2193 1458 2244 l

238 2305 297 2354 turn
314 2304 401 2374 queat
418 2290 573 2372 disputatio
590 2299 692 2354 nostra
708 2295 876 2373 procedere.
984 2337 986 2341 -
1457 2343 1458 2352 ,

324 2383 454 2460 Agapae,
481 2378 653 2440 vocabulum
671 2400 828 2460 graecum,
854 2381 931 2460 quotl
948 2385 1078 2440 caritates
1096 2375 1212 2458 proprie
1231 2379 1367 2450 denotat,
1387 2370 1436 2450 jan
1457 2371 1458 2402 r

236 2467 305 2528 inde
321 2489 339 2528 a
355 2467 448 2548 prirno
465 2465 673 2551 christianismi
692 2477 818 2546 ternpore
843 2466 938 2546 eoepit
960 2464 1093 2545 usurpari
1119 2486 1170 2544 pro
1188 2461 1351 2538 conviviis,
1373 2472 1436 2538 quat

236 2553 345 2615 fiebant
368 2553 399 2614 in
425 2553 614 2616 conventibus
639 2553 783 2616 ecclesiae
807 2553 853 2614 vel
878 2553 908 2613 in
934 2551 1289 2633 privatorumdonribus,
1316 2557 1380 2610 ante
1401 2539 1436 2602 vel

238 2639 323 2702 etiarn
347 2647 412 2718 post
434 2639 628 2741 eurhapistiae
652 2641 894 2717 celebrationem,
919 2641 999 2701 boris
1023 2639 1096 2720 ipsis
1121 2638 1297 2720 vespertinis
1321 2643 1371 2696 aut
1390 2649 1434 2690 nc·

239 2726 367 2803 otnrnis,
394 2726 500 2806 quibus
521 2728 651 2790 instituta
669 2741 714 2790 est
730 2749 822 2790 coena
838 2727 1000 2804 dominica,
1025 2723 1072 2788 vel
1094 2725 1281 2788 antelucanis
1307 2719 1436 2790 coetibus,

237 2813 344 2876 amoris
362 2814 451 2888 motui
469 2824 497 2875 et
512 2813 633 2876 fraterni
657 2824 829 2895 argumento
853 2827 939 2896 atque
961 2813 1165 2890 incitamento,
1190 2815 1268 2874 unde
1293 2812 1358 2890 ipsa
1374 2823 1435 2864 ecn-

150 2921 156 2927 “
238 2901 313 2964 viria
339 2899 454 2964 nornine
479 2921 640 2982 agaparum
665 2904 742 2964 dicta
766 2913 841 2966 sunt.
881 2903 1058 2982 Interprctes
1082 2899 1192 2980 antiqui
1217 2911 1245 2962 et
1260 2894 1436 2961 recentiores,

237 2996 358 3068 excepto
378 3011 435 3050 nno
455 3000 481 3049 et
497 2989 598 3065 altero,
616 3009 717 3050 omnes
734 2992 835 3052 eadem
852 2989 941 3051 forme
958 2988 1081 3068 sparsim
1098 2991 1133 3048 de
1151 2989 1255 3066 agapis
1272 2997 1433 3048 commento·

172 3111 174 3115 ·
236 3087 301 3138 rant
318 3083 346 3136 et
363 3076 416 3138 erit
434 3097 540 3156 operae
558 3077 679 3156 pretium
699 3099 750 3157 per
766 3076 883 3156 singula
902 3078 997 3138 eunrlo
1013 3096 1151 3138 revocare
1169 3073 1391 3156 unumquodque
1406 3062 1435 3122 nd

235 3162 377 3226 historiae,
390 3173 496 3223 certam
515 3161 610 3224 fidem.
651 3161 716 3224 Duo
736 3163 843 3244 igitur,
869 3183 944 3243 qnae
968 3162 1053 3224 nobis
1076 3164 1122 3224 bic
1138 3161 1304 3237 sufficiant,
1330 3147 1435 3218 ellbtlss

234 3249 272 3310 N.
290 3249 329 3309 Τ.
349 3249 412 3308 loca
431 3248 632 3323 excitabimus,
650 3271 725 3330 quae
743 3251 851 3330 primos
870 3249 1052 3314 Christianos
1071 3248 1266 3310 eucharistiae
1286 3233 1434 3334 communi·¹

237 3353 322 3396 casse
339 3337 462 3414 probent
477 3333 615 3396 institutis
640 3336 722 3415 prins
742 3337 853 3417 epnlis,
880 3358 972 3418 quas,
1000 3349 1030 3398 ut
1047 3337 1232 3410 dictumest,
1257 3351 1367 3416 agapas
1388 3327 1434 3403 ll⁸¹
1457 3373 1458 3406 r

236 3441 352 3502 quoquc
378 3419 563 3482 nominarint.
603 3422 649 3484 Ex
674 3424 766 3502 prima
793 3424 877 3486 Pauli
901 3427 936 3486 ad
958 3423 1123 3486 Corinthios
1148 3423 1272 3503 epistola
1296 3416 1433 3482 discimus,
1457 3413 1458 3482 l

236 3517 386 3570 assunrtos
402 3508 499 3569 fnisse
517 3509 608 3583 cibos,
634 3519 788 3590 antequam
804 3533 895 3574 coena
913 3511 1058 3572 dominica
1075 3513 1273 3592 praeberetur,
1292 3519 1320 3568 et
1335 3505 1364 3565 in
1379 3497 1432 3577 epl-

234 3593 311 3658 stola
327 3597 418 3658 lodae
444 3617 548 3659 nornen
573 3595 701 3656 occnrrit
723 3617 901 3678 agapinum,
927 3600 1002 3678 qnod
1028 3599 1092 3661 sine
1117 3597 1205 3658 dubio
1223 3601 1258 3658 de
1274 3593 1333 3656 illis
1350 3581 1431 3682 rpulfs

234 3679 455 3764 intelligendum
474 3693 526 3746 est.
564 3681 763 3746 Confer-ebant
780 3696 808 3746 et
823 3686 981 3767 symbolam
998 3688 1034 3746 ad
1053 3687 1105 3746 bas
1123 3705 1231 3746 coenas
1247 3685 1360 3754 dabant,
1375 3691 1431 3767 qu}-

234 3771 289 3831 bus
308 3781 386 3846 erat,
411 3770 488 3832 unde
507 3780 647 3850 possent3
672 3793 689 3832 a
707 3793 764 3852 qna
782 3772 938 3833 scitatione
955 3793 1100 3853 pauperes
1119 3771 1185 3852 ipsa
1202 3768 1359 3842 nee-essitas
1376 3777 1430 3820 ern·

235 3857 342 3918 mebat.
373 3857 574 3937 Reprehendit
590 3879 662 3938 ergo
680 3859 791 3920 Panlns
808 3880 842 3920 eo
860 3858 1162 3935 nomineCorintbios,
1180 3860 1430 3940 quoinquinent

236 3963 336 4004 ornnes
354 3963 446 4004 coena
462 3945 539 4007 vesci
555 3947 703 4028 deberent,
722 3944 840 4006 ditiores
853 3949 930 4026 apud
944 3944 1025 4024 illos,
1042 3945 1187 4026 proprium
1202 3945 1324 4026 quisque
1337 3938 1431 4012 cibun,¹

235 4049 321 4110 quern
338 4031 422 4090 domo
438 4028 548 4092 lautum
567 4033 742 4107 attulissent,
759 4031 881 4093 seorsim
900 4054 917 4094 a
934 4029 1112 4116 paoperibus
1132 4035 1321 4103 comederent,
1337 4021 1428 4106 quibus

231 4116 357 4191 interea,
376 4117 443 4177 dum
460 4117 514 4196 ipsi
534 4121 606 4180 bene
626 4141 661 4182 aa
678 4120 802 4182 libenter
819 4119 997 4194 victitarent,
1023 4109 1211 4182 esuriendum
1229 4128 1307 4182 esset
1321 4108 1427 4175 sortiter·

232 4201 301 4266 Non
318 4204 402 4266 morlo
419 4217 515 4268 antem
534 4204 667 4270 ditiorum
690 4207 775 4270 istam
801 4208 1041 4270 consuetudinem
1060 4218 1139 4272 taxat
1155 4205 1319 4290 apostolus,
1343 4208 1426 4262 rernm
1457 4223 1458 4236 ¹

288 4354 293 4359 .
306 4349 469 4362 .-ηιμ-σι·-

305 4423 337 4496 *)
354 4423 431 4479 Prot.
450 4423 522 4495 [ripn.
543 4425 619 4482 175⁰.
638 4427 664 4483 8.
