2944 4898
168 249 219 320 et
481 337 484 348 ἡ
525 294 527 296 .
590 237 712 307 uxta.
753 239 782 305 r.
798 235 837 302 c.
853 235 961 304 moran

148 413 307 492 laederis
330 423 362 484 iu
386 421 525 504 passione
549 416 756 500 exprimendus
780 421 808 476 et
831 399 1025 493 effundendas
1042 416 1122 471 esset
1138 407 1169 468 in
1186 367 1396 468 remissionem

178 522 375 598 peccatorum.
393 519 437 558 ¹-
461 507 490 591 ξ.
506 508 538 570 4.
568 507 656 586 Quod
679 504 715 564 ad
739 504 853 583 tompus
876 497 1000 593 adtinet,
1027 517 1084 577 qno
1102 494 1237 558 Christus
1252 492 1397 594 hymnum

181 621 248 664 curn
264 595 421 680 discipulis
437 589 642 669 decantaverit,
665 588 781 670 praeter
794 585 1025 664 lanseniuur
1045 593 1126 665 putat
1140 583 1340 644 Barourus
1351 579 1398 664 ⁴),

82 693 85 700 “
179 687 263 752 illum
279 687 400 748 dilatum
415 683 508 744 foisse
526 691 592 761 post
606 697 707 742 ornnes
721 675 832 740 Christi
849 678 999 739 sermones
1016 691 1052 734 ac
1066 690 1179 752 preces,
1195 686 1270 750 qaas
1286 685 1400 728 recen-

181 785 235 838 sot
244 775 375 836 loannes
390 791 453 849 cop.
464 771 515 830 17.
531 768 578 842 iis,
595 775 628 831 ut
643 765 766 840 ridetur,
783 761 883 824 carisio
900 764 1053 831 adductus,
1069 757 1205 838 quoniam
1222 751 1400 816 Matthaeus

181 883 217 926 ac
233 861 357 922 Marcus
374 857 490 931 habent,
508 852 666 926 Christum,
689 850 766 911 dicto
784 850 900 929 hymno,
919 847 1027 910 exiisse
1043 846 1072 906 in
1090 841 1401 916 montcm‘oli'earurn3

153 934 156 939 ’
180 967 282 1011 uerum
297 940 480 1026 probabilius
498 950 556 1016 ost,
578 940 714 1019 hymnum
731 935 926 1016 precationem
944 935 1026 996 illam
1045 943 1074 994 et
1091 930 1362 1000 omnes'sermoues
1380 948 1402 990 a

180 1037 294 1102 Jcannc
311 1037 483 1092 memoratos
499 1023 710 1107 praecessisse,
726 1020 1010 1103 quoniamchristus
1025 1015 1290 1098 encaeniata.
1307 1015 1401 1077 dixit:

181 1125 287 1196 caepim
300 1127 327 1202 pt
343 1117 516 1198 dicendumne
530 1133 591 1187 roos,
616 1119 644 1172 et
660 1130 712 1190 per
728 1127 914 1188 consequens
930 1107 988 1168 iarn
1004 1105 1102 1186 hymni
1120 1103 1268 1186 paschalis
1285 1105 1402 1165 decau-

183 1201 382 1274 latioahsolri
400 1201 511 1262 debuit.
548 1196 664 1259 Etenim
689 1196 720 1256 in
745 1189 897 1256 eo‘omnes
919 1191 1120 1265 consentiunt,
1142 1189 1251 1261 nomini
1269 1192 1402 1252 nondum

151 1309 154 1316 ’
183 1288 313 1370 impletis
326 1287 460 1350 omuibus
472 1283 646 1359 ceremoniis
663 1290 750 1362 atque
766 1280 881 1356 ritihus,
896 1279 926 1340 in
940 1277 1086 1359 praesenti
1103 1276 1222 1356 negotio
1239 1277 1411 1357 unicuique,

183 1376 386 1442 israelitaoad
404 1374 571 1435 accuratam
589 1367 820 1452 observationem
842 1365 1103 1444 inculcatisatque
1124 1362 1332 1444 praescriptis,
1358 1363 1403 1423 li·

185 1463 284 1526 enissc
301 1461 382 1524 entire
397 1463 493 1536 domo,
515 1459 547 1519 in
563 1476 622 1538 qua
638 1474 773 1518 comesus
789 1453 844 1516 icit
861 1473 957 1533 agnus
970 1449 1132 1532 paschalis.
1164 1449 1296 1524 Accedit,
1320 1453 1403 1528 quud

184 1571 244 1612 non
260 1541 726 1626 solumadnrodurnproliciunt
748 1541 797 1602 isti
822 1559 971 1602 sermones
994 1547 1022 1600 et
1037 1547 1148 1601 tautum
1163 1546 1308 1623 momenta
1324 1555 1404 1596 corr-

186 1639 302 1698 cionum
319 1633 487 1698 Servaturis
509 1655 547 1696 ex
562 1651 641 1692 more
658 1627 806 1691 scribendi
825 1625 1015 1708 evangelistis
1025 1623 1149 1705 proprio
1166 1623 1321 1702 sistentesp
1345 1643 1406 1684 ce·
1457 1631 1458 1640 ¹

184 1744 250 1786 runo
281 1722 368 1786 etiam
399 1730 542 1803 perpetua
567 1716 764 1800 apostolorum
783 1713 1057 1810 ¹discipulorumque
1082 1709 1190 1773 Christi
1217 1711 1405 1770 consuetudo

97 1870 102 1876 .
185 1809 284 1888 fuerit,
303 1810 399 1874 statim
416 1807 642 1888 explicationem
660 1801 794 1882 gravium
811 1811 898 1882 atque
914 1799 1096 1866 insolitarum
1109 1802 1240 1859 rerum'a
1255 1815 1407 1877 praecep-

187 1907 251 1960 tore
266 1919 320 1958 suo
339 1894 536 1972 efflagitandi,
560 1891 630 1972 quin
654 1891 711 1950 imo
728 1907 761 1948 re
776 1888 862 1949 etiam
888 1907 946 1946 uon
970 1885 1148 1972 postulante,
1173 1883 1277 1946 adlatis
1294 1883 1405 1946 alicnis

66 2001 70 2006 ·
187 1993 216 2044 et
232 2002 322 2061 scopo
341 1979 449 2042 Christi
468 1981 643 2058 quandoque
660 1973 813 2036 contrariis
838 1972 1060 2054 quaestionibus
1083 1982 1169 2054 atque
1193 1971 1405 2050 interrogatio·

95 2076 99 2084 '
186 2063 275 2134 uibus
292 2083 443 2130 sermones
460 2065 525 2125 eius
540 2061 779 2142 interrumpendi.
804 2061 905 2138 Quare
922 2060 1074 2122 dicendum
1088 2069 1175 2136 esset,
1191 2061 1268 2140 quod
1287 2068 1405 2139 tempus

110 2251 112 2258 ’
186 2241 302 2322 lapsum
318 2238 442 2315 inisset,
467 2257 554 2319 quam
571 2234 707 2298 Christus
732 2253 805 2296 suae
829 2235 1040 2297 valedictoriae
1056 2234 1179 2316 orationi
1203 2233 1289 2294 tinem
1306 2233 1406 2314 inpo-

188 2327 316 2403 suisset,
343 2326 420 2406 quod
438 2334 533 2386 tamen
549 2323 657 2384 iactum
670 2321 844 2400 xfuissenon
861 2332 906 2384 est
921 2315 1089 2384 verisimile.
1129 2321 1219 2402 idque
1236 2329 1298 2396 est,
1323 2323 1406 2401 quod
1457 2321 1458 2380 ζ

187 2425 305 2497 praeter
321 2413 398 2474 alios
415 2422 513 2474 monet
529 2413 555 2472 J.
574 2409 847 2489 Gerhardus“)
866 2429 900 2471 ac
917 2409 1003 2472 dicit:
1020 2420 1135 2471 ceterum
1148 2404 1220 2490 proed
1236 2411 1407 2470 Motllaoonc
1457 2471 1458 2488 ,

164 2552 166 2556 .
187 2513 214 2563 et
231 2502 355 2563 Morene
372 2502 481 2574 dictent,
509 2501 650 2562 carneam
665 2501 764 2572 hpmno
779 2499 853 2558 dioto
867 2503 969 2560 coiisse
986 2503 1016 2558 in
1039 2507 1158 2558 montona
1173 2499 1321 2574 elicorum,
1343 2517 1404 2558 nen

187 2598 229 2648 cet
245 2593 287 2648 ito
302 2577 516 2662 intelligendam,
533 2587 605 2665 qood
620 2587 714 2659 hpneni
725 2587 943 2646 decantationem
957 2589 1052 2647 elatine
1062 2595 1089 2645 et
1104 2585 1261 2645 immediate
1274 2603 1402 2661 epreortm
1457 2579 1458 2656 ]

131 2711 134 2716 ,
187 2676 235 2734 ille
248 2683 357 2733 secutas
371 2675 472 2746 fcerit,
496 2673 632 2752 siqnidem
647 2679 709 2750 post
725 2674 871 2748 humanm,
895 2693 976 2752 qnam*
988 2677 1048 2732 cerri
1060 2677 1132 2750 ‚epoti
1147 2673 1288 2751 paeehelie
1302 2681 1328 2731 et
1342 2673 1400 2730 ud-
1457 2715 1458 2726 ,

187 2761 389 2831 elinietrotioai
404 2761 590 2822 enchometice
604 2759 756 2832 auctomento,
780 2763 846 2819 unte
860 2780 942 2820 ercam
958 2781 973 2820 c
989 2759 1134 2820 coenaculo
1151 2761 1404 2832 hierosolymitano
1457 2769 1458 2772 ’

154 2893 162 2914 ,
187 2839 325 2926 epremm
340 2846 438 2907 hahuit
453 2847 597 2926 proliacum
612 2847 692 2906 illam
707 2865 859 2908 sermonem
873 2848 913 2908 od
923 2849 1083 2926 discipulae,
1100 2867 1179 2926 ponent
1190 2851 1315 2906 donnana
1325 2857 1403 2906 oom-

187 2943 323 3016 nyemorot
338 2943 365 2994 et
377 2931 471 3012 preces
489 2935 527 2994 od
542 2943 650 3013 patrem
667 2935 806 2994 conlectam
821 2933 934 3010 effodit,
959 2935 1091 3014 hancqom
1107 2931 1296 3008 sententiam,
1319 2935 1399 3013 qnod
1453 2957 1458 2970 ι

187 3020 312 3102 hymnus
330 3019 526 3100 praecesserit
543 3039 644 3082 omnes
660 3018 729 3080 illos
747 3040 898 3082 sermones
915 3041 933 3082 a
948 3021 1061 3082 lcaune
1079 3030 1263 3096 memoratos,
1279 3029 1312 3080 nt
1329 3039 1402 3099 pro-

186 3107 360 3170 hahiliorem
378 3109 518 3167 adversus
534 3105 747 3168 Barouiurn
764 3115 871 3181 tuetur,
887 3106 916 3166 id
933 3109 1008 3186 quod
1026 3105 1112 3168 etiam
1131 3108 1175 3170 ls.
1192 3106 1402 3170 Casandro·
1457 3119 1458 3174 t

186 3193 328 3270 nuum)
352 3193 497 3252 ohservat.
539 3192 626 3274 Quod
649 3203 745 3254 autera
769 3191 939 3254 Matthaeus
964 3204 992 3254 et
1014 3193 1136 3256 Marcus
1164 3193 1273 3256 exitum
1291 3193 1402 3256 Christi

128 3335 129 3340 ,
146 3326 149 3332 .
186 3297 254 3340 cunr
271 3275 378 3352 hym'uo
395 3275 562 3338 immediate
578 3276 775 3355 coniungant,
802 3297 840 3340 ex
856 3298 891 3340 co
907 3279 1015 3342 lactum
1034 3289 1087 3359 est,
1106 3284 1184 3363 quad
1198 3281 1324 3361 longum«
1335 3281 1401 3346 eisc
1442 3267 1458 3344 '1

187 3383 352 3426 sermonem
370 3360 530 3423 omiserint.
552 3395 592 3408 -
616 3362 645 3446 §.
661 3362 692 3424 5.
725 3363 811 3425 Nunc
827 3365 1040 3447 discipiendun
1058 3379 1113 3446 est,
1131 3369 1247 3449 qualem
1264 3370 1401 3450 hymnum

188 3450 325 3512 Christus
349 3468 416 3510 cnm
438 3444 580 3528 apostolis
605 3448 754 3514 cecinerit.
796 3452 939 3517 Nonnulli
964 3465 1082 3536 putant,
1106 3455 1255 3520 Christum
1279 3477 1401 3537 cempc.

187 3535 287 3598 suisse
304 3543 333 3597 ct
349 3544 487 3598 oaumsse
503 3556 608 3598 uorum
626 3541 779 3618 quemdam
794 3539 943 3622 hymnum,
968 3543 1103 3624 quoniam
1119 3543 1280 3606 instituerit
1294 3564 1401 3608 norum
1457 3547 1458 3586 ³

102 3623 104 3629 “
164 3623 255 3684 -nori
270 3622 399 3685 foederis
415 3625 748 3707 sacramentum-sicque
766 3647 831 3690 cum
852 3628 893 3692 ita
914 3629 1097 3708 formaverit,
1123 3642 1154 3693 ut
1177 3651 1242 3693 curn
1266 3631 1400 3694 instituto

186 3730 262 3772 noro
279 3710 456 3774 conveniret.
491 3711 535 3774 lta
550 3711 638 3774 sentit
653 3713 765 3794 Hugo
785 3713 949 3779 Grotius
962 3719 1009 3796 †),
1024 3721 1111 3800 -qnod
1128 3719 1206 3781 siout
1220 3719 1257 3780 ad
1274 3728 1399 3784 veterem

64 2224 69 2240 ¹
187 2151 382 2216 decantationi
399 2149 573 2231 posterioris
591 2147 687 2229 hymni
706 2147 852 2228 paschalis
868 2148 960 2227 partis
977 2147 1152 2209 destinatum
1169 2147 1252 2227 prins
1269 2157 1406 2227 praeter·
1457 2223 1458 2228 η

185 3799 347 3878 gratiarnm
371 3799 522 3864 actionem
537 3797 676 3864 Christus
698 3821 801 3871 noram
826 3805 970 3867 addiderit
992 3825 1047 3867 ruo
1071 3805 1204 3870 instituto
1230 3825 1400 3885 congruen-
1457 3819 1458 3866 t

186 3891 253 3958 tem,
277 3887 319 3948 ita
334 3898 363 3949 et
378 3889 414 3950 do
429 3888 536 3968 hymno
554 3908 619 3949 eum
635 3887 759 3966 fecisse,
784 3889 823 3952 sit
839 3891 989 3970 credihile,
1014 3894 1051 3954 ac
1065 3891 1140 3956 forte
1156 3893 1191 3956 ea
1207 3895 1274 3976 ipsa
1289 3894 1320 3956 in
1337 3916 1400 3956 mo·
1457 3897 1458 3930 ³

187 3973 255 4034 dum
270 3973 368 4056 hymni
385 3973 508 4051 dixerit,
534 3995 609 4054 quae
631 3977 707 4056 apud
724 3977 865 4042 loannem
882 4001 905 4042 c.
923 3981 974 4042 17.
989 3978 1135 4060 legamus.
1170 3980 1230 4046 Sed
1254 3983 1398 4048 sententia

254 4206 283 4267 *i
304 4199 463 4265 Annat.‘ad
478 4227 540 4266 ann.
561 4214 620 4268 cte.
638 4213 681 4266 31.
701 4231 770 4270 aune.
791 4216 833 4269 dt.
854 4225 913 4273 donc.
933 4220 958 4272 1.
980 4236 1006 4288 p.
1028 4220 1088 4274 185.
1136 4253 1139 4258 1
1249 4233 1254 4248 '

253 4271 502 4413 thaeman
522 4281 1239 4424 rm,tarraconamrom-1

123 4471 133 4482 ,
253 4413 287 4484 †)
308 4411 625 4488 conmanducata,
644 4420 767 4508 anae
785 4423 812 4474 a
831 4439 903 4490 epe.
920 4421 1004 4507 reem..
1016 4441 1042 4494 p.
1058 4389 1135 4486 ata}
1202 4469 1207 4476 .
