2944 4890
252 302 288 366 de
307 300 481 387 disciplinae
497 305 598 372 arcani
616 305 647 370 in
658 305 916 395 ,contenanum
934 312 1058 396 origine.
1191 315 1255 406 aas

31 473 239 556 absolvamus,
261 479 287 538 ιι
306 479 372 560 quis
391 489 491 561 aperto
509 502 690 564 cognoscere
706 487 796 567 cupit,
819 507 888 550 num
904 496 988 552 vetos
1005 490 1134 554 eeclesia
1151 493 1255 560 iudea

33 586 99 628 soc.
122 563 178 628 lll.
204 578 389 630 sacramenta
413 570 597 650 baptismatis
621 582 648 634 et
673 593 777 636 sacrae
796 595 905 638 coenae
931 598 984 658 pro
1008 577 1100 640 initiis
1116 580 1254 645 babuerit
1361 639 1370 650 ,

32 675 92 714 nec
110 673 158 730 ae,
176 651 294 730 sufficit,
311 666 342 716 ut
359 659 394 718 ad
411 658 554 722 vocabola
570 659 704 723 technica
719 661 847 724 animum
865 668 1004 742 advertat,
1023 665 1130 747 quibus
1147 688 1184 730 ex
1199 667 1253 731 illo

32 753 165 819 tempore
181 741 341 821 scriptores
359 743 553 808 ecelesiastici
571 757 699 826 utuntur,
717 748 766 810 ubi
783 751 1024 814 de'sacrameotis
1037 762 1141 834 agant.
1169 755 1252 818 Haec
1290 827 1293 836 ¹

32 829 113 888 enim
134 829 170 889 ad
190 848 280 890 auum
305 830 401 892 emnia
420 831 482 894 iere
505 834 542 894 ab
563 854 619 896 usa
636 835 774 916 loquendi
792 837 821 898 io
840 839 986 918 mysteriis
1002 839 1158 920 gentilium
1177 863 1251 904 ron-

33 926 122 976 sueto
141 917 238 995 petita.
251 916 362 996 suntf)
381 953 421 962 —
447 918 474 1000 ξ.
494 922 543 982 ll.
572 921 631 984 Sed
651 922 805 1006 bucusque
821 923 1010 988 fundamenta
1030 936 1139 990 tantum
1158 929 1251 992 disci·

14 1001 135 1083 ,plinae
158 1004 257 1064 arcani
283 1005 429 1084 eruimus,
453 1008 548 1085 ipsum
571 1007 715 1084 instituti,
742 1015 817 1091 qnod
835 1011 892 1074 hoo
915 1013 1031 1076 nominc
1048 1015 1148 1078 uenire
1164 1015 1250 1095 solet,

33 1101 132 1152 ortum
151 1092 279 1152 nondum
297 1092 397 1172 utique
414 1095 542 1155 assecuti
560 1115 674 1159 suorus.
690 1097 767 1160 ‘lmo
787 1101 877 1180 probe
893 1103 1108 1164 observandum
1127 1115 1183 1180 est,
1203 1125 1249 1183 eo,

32 1197 96 1257 quo
112 1176 267 1238 novitiatus
284 1177 462 1242 christianus
476 1192 563 1244 natus
580 1191 634 1258 ost,
651 1195 779 1265 tempore
794 1187 822 1246 in
838 1187 965 1250 ccclesia
979 1189 1115 1270 mysteria
1131 1191 1249 1272 quidem

30 1265 95 1344 jam
115 1263 288 1342 pullulasse,
312 1285 398 1329 sacra
415 1279 515 1348 operta
532 1289 600 1331 roro
619 1272 734 1351 (qualia
750 1282 819 1334 sunt
836 1274 979 1338 solemnia
994 1275 1056 1352 illa,
1076 1277 1154 1340 circa
1173 1300 1248 1358 quae

31 1349 192 1430 disciplina
204 1352 306 1414 arcani
318 1357 467 1434 uersatam)
483 1357 590 1418 nomini
603 1377 660 1418 non
673 1359 767 1422 suisne
778 1360 939 1440 incognita.
956 1363 1097 1424 Dicamus
1109 1367 1185 1444 quod
1201 1385 1247 1428 res

32 1448 88 1500 ost.
104 1439 278 1518 Dogmatice
292 1459 365 1502 saue
376 1453 559 1506 sacramenta
568 1444 627 1523 jam
640 1456 698 1508 tum
712 1449 855 1528 mysteriis
867 1452 1109 1524 recensebantur,
1121 1463 1150 1512 at
1162 1449 1248 1511 litor·

30 1526 99 1602 gico
111 1546 305 1607 nequaquam.
323 1530 409 1590 Notio
423 1531 538 1610 quilleno
553 1531 754 1614 mysteriorum
769 1533 933 1614 baptismati
950 1545 977 1596 et
989 1555 1107 1598 recusae
1120 1537 1247 1598 domiai-

31 1633 86 1674 cae
104 1612 286 1690 inhaerebat,
303 1619 405 1678 modus
425 1638 510 1682 sacra
529 1639 628 1680 eorum
642 1620 766 1682 obeundi
779 1632 904 1684 autema
918 1623 1118 1704 mysteriorum
1134 1623 1246 1687 rationo

29 1700 236 1762 alienissimus
250 1714 320 1764 erat.
336 1705 465 1766 Aderant
480 1727 510 1766 re
523 1705 588 1785 ipsa
603 1707 738 1788 mysteria
752 1709 920 1784 christiana,
936 1709 1031 1772 ierom
1043 1711 1246 1791 mysteriorum

29 1790 161 1848 nondum
173 1789 327 1868 aderat.**)
347 1791 461 1852 Etenim
475 1791 633 1854 celebratio
646 1795 827 1874 baptismatis
839 1807 866 1858 et
879 1795 1074 1860 encburistiae
1086 1795 1181 1860 oculis
1193 1818 1246 1862 ca-

30 1876 270 1940 techumenorum
283 1897 426 1958 uunquam
437 1881 470 1940 ιιι
482 1883 618 1942 industrio
630 1883 859 1956 subducebatur,
871 1894 899 1946 et
909 1904 993 1946 neruo
1004 1905 1113 1959 eorum,
1126 1885 1175 1966 qui
1185 1885 1245 1946 ini-

30 1963 91 2024 tiati
106 1983 164 2024 non
177 1973 283 2040 essent,
298 1969 421 2026 consulto
434 1987 450 2028 a
461 1978 621 2046 conspectu
632 1968 695 2049 ejus
706 1971 871 2034 arcebatur.
888 1971 990 2032 Testis
1002 1973 1183 2052 estingenua
1192 1971 1246 2036 illa

28 2063 119 2131 atque
132 2062 272 2112 accurata
285 2053 526 2116 narratiolnstini
540 2055 637 2132 Mart,
655 2053 738 2116 illine
751 2057 858 2138 ipsius,
874 2059 922 2140 qui
936 2059 1073 2142 mysteria
1087 2059 1245 2124 christiana

28 2149 86 2200 tam
106 2137 263 2218 magnifice
281 2140 442 2220 praedicat,
464 2142 499 2202 de
520 2145 603 2202 modo
624 2144 784 2224 peragendi
805 2143 1050 2226 baptismum**⁸)
1076 2155 1104 2208 et
1123 2168 1244 2210 coenam

27 2225 217 2306 dominicam,
240 2225 298 2288 into
315 2227 482 2291 uniuersum
501 2227 609 2290 cultum
627 2230 796 2308 ιιιιιιιιιιιιι)
818 2234 894 2310 apud
913 2232 1098 2292 Christianos
1114 2232 1144 2292 io
1162 2235 1244 2312 dyo-

27 2313 111 2392 logia
138 2331 195 2375 sua
224 2315 344 2395 majori,
375 2315 448 2395 ipsis
473 2314 654 2376 Caesaribus
687 2315 796 2378 oblata.
841 2317 944 2391 Quid?
977 2319 1052 2396 quod
1079 2318 1145 2376 dom
1169 2315 1244 2378 baec

26 2401 220 2478 aggreditur,
240 2400 280 2461 ita
298 2401 403 2464 diserte
423 2401 658 2481 praesentim:
680 2390 740 2460 Ὃν
765 2393 884 2483 τρόπον
908 2395 943 2460 dl
967 2397 1019 2462 καὶ
1041 2393 1243 2482 ἀνεθήκαμεν

24 2475 163 2556 ἑαυτοὺς
194 2483 238 2563 τῷ
267 2485 355 2564 θεῷ,
387 2486 669 2566 καινοποιηθέντες
702 2474 752 2546 ιιιιι
785 2483 843 2546 τοῦ
865 2484 1007 2564 Χριστοῦ
1039 2490 1165 2568 (nempe
1189 2509 1244 2590 yrcr

26 2572 168 2653 baptismi
186 2573 359 2651 lavacrum),
377 2562 616 2655 ἐξηγησόμεθα,
640 2557 745 2642 όπως
767 2561 817 2651 μὴ
844 2571 967 2635 τοῦτο
990 2577 1242 2654 παραλιπόν-

23 2682 89 2731 τες
119 2648 300 2738 δόξωμεν
326 2652 578 2740 πονηριόειν
608 2681 647 2718 τι
674 2657 715 2718 ιν
739 2656 787 2742 τῇ
813 2651 1014 2742 ἐξηγήσει.
1059 2661 1104 2722 lle
1131 2684 1189 2743 quo
1216 2663 1242 2726 si

24 2750 92 2827 quis
113 2748 229 2830 justum
253 2745 316 2810 ιιιιι
332 2747 409 2808 torro
422 2745 583 2829 judicium,
609 2745 771 2808 meminerit
787 2747 890 2822 modo,
914 2747 1042 2808 seriores
1059 2749 1243 2828 apologetas,

22 2836 247 2914 Athenagoram
264 2833 433 2916 praesertim
452 2845 479 2895 ct
496 2831 725 2910 Tertullianum,
749 2831 924 2894 contrariam
942 2831 1139 2914 planelquod
1156 2833 1242 2896 deio-

22 2944 94 3003 ceps
114 2921 296 3000 uidebimus)
314 2923 369 2984 bac
383 2922 413 2981 in
427 2941 517 2983 causa
535 2921 673 2982 rationem
690 2919 786 3000 sequi.
803 2920 886 2984 Adde
903 2941 999 3000 porro,
1012 2923 1088 3000 quod
1101 2920 1242 2982 irenaeus

20 3010 48 3070 in
72 3027 167 3090 opere
185 3029 240 3070 suo
258 3007 400 3071 adversus
417 3009 574 3084 baeresrs,
599 3018 677 3070 certo
701 3027 760 3068 non
777 3006 863 3067 nnicc
882 3005 1009 3068 fidelium
1025 3006 1130 3068 usibus
1148 3011 1242 3070 desti'-

19 3109 106 3173 nato,
124 3093 218 3157 libere
235 3107 263 3160 et
279 3095 378 3158 missis
396 3096 572 3174 ambagibus
590 3095 625 3156 de
643 3093 822 3156 eucharistia
838 3092 1046 3176 exponit.†††)
1077 3093 1141 3156 Noc
1158 3097 1244 3155 deni'-

20 3205 81 3264 que
101 3182 154 3244 fas
186 3193 231 3244 ost
265 3183 381 3244 silentio
410 3182 585 3262 praeterire,
618 3175 702 3262 quarn
729 3179 808 3244 belle
831 3173 899 3242 'cum
922 3180 1068 3242 sententia
1093 3181 1244 3261 proposita

20 3269 183 3348 concinat,
208 3272 284 3350 quod
308 3269 447 3332 haeretiei
466 3268 527 3345 illi,
552 3289 625 3348 quos
643 3267 848 3329 Tertullianus
875 3270 911 3328 de
930 3286 1061 3348 praescr.
1079 3270 1143 3330 adv.
1161 3267 1243 3331 beer.

19 3379 66 3440 cp.
86 3355 191 3436 4l†⁴)
210 3356 355 3434 convellit,
375 3357 392 3420 i.
412 3377 437 3417 e.
455 3365 592 3438 qnantum
609 3354 723 3438 quidem
743 3355 911 3434 conjectura
928 3355 1068 3436 conreqni
1087 3365 1244 3436 potnerunt

22 3477 229 3490 -nuss-—ae

93 3547 110 3578 ἰ
155 3542 300 3597 Videantur
319 3547 385 3598 banc
404 3546 431 3596 in
449 3559 502 3594 rem
522 3543 653 3610 disputata
679 3558 694 3594 e
716 3541 952 3594 cruentamur.
978 3559 1003 3610 y.
1023 3543 1072 3594 tat
1092 3559 1145 3608 aa,
1174 3542 1241 3596 be.

19 3613 71 3666 Tb.
124 3614 181 3664 eier
197 3615 216 3664 l.
239 3631 263 3666 o.
285 3613 313 3682 9.
333 3613 426 3675 4-13,
447 3611 570 3664 Tcnzelio
588 3612 607 3662 l.
629 3627 651 3664 c.
672 3629 698 3678 p.
716 3611 816 3667 2l3ss.
838 3619 865 3662 et
882 3609 1052 3668 Frommaooo
1073 3613 1091 3662 l.
1112 3627 1136 3662 c.
1156 3628 1182 3678 μ.
1197 3611 1241 3664 st.

92 3681 138 3747 **)
158 3681 207 3732 Vel
225 3684 285 3734 binc
304 3683 450 3746 intelligere
470 3681 542 3744 licet,
565 3693 640 3746 quam
662 3695 751 3746 parom
764 3695 821 3732 curn
837 3681 945 3730 historia
960 3680 1099 3730 conveniat
1111 3681 1243 3730 sententia

18 3765 133 3813 eorum,
167 3751 210 3816 qui
238 3751 362 3814 originem
381 3747 534 3817 disciplinae
552 3749 641 3798 arcani
663 3763 695 3798 ex
715 3749 859 3798 imitatione
880 3749 1059 3816 mysteriorum
1080 3749 1242 3800 ethnicorum

17 3824 158 3884 repetunt.
182 3815 259 3870 'Nam
286 3819 471 3870 siCbristioai
498 3817 622 3883 primaevi
650 3816 823 3868 aemulatione
847 3817 979 3868 initiorum
998 3823 1155 3883 paganorum
1179 3817 1243 3869 moti

17 3887 152 3953 mysteria
170 3888 221 3938 sibi
240 3885 424 3950 condidissent,
444 3886 535 3953 procul
554 3885 631 3936 dubio
646 3901 694 3934 non
710 3885 888 3936 substitissent
902 3885 927 3936 in
942 3884 1123 3936 transferenda
1136 3887 1242 3939 actione

17 3956 214 4021 mysteriorum
234 3957 260 4006 in
287 3961 450 4006 sacramenta
479 3953 639 4017 christiana,
667 3954 713 4004 sed
737 3953 769 4003 iis
793 3955 909 4019 formam
929 3969 1028 4018 quoqne
1049 3953 1241 4020 mysteriorum,

17 4023 96 4088 nulla
125 4039 198 4075 mora
225 4023 394 4090 interpositu,
424 4021 593 4084 indidissent,
620 4035 678 4072 cum
704 4023 769 4072 baec
798 4022 855 4088 ipsa
880 4036 1013 4076 sacrorum
1043 4028 1242 4088 opertaneorunt
1330 4067 1336 4074 .

16 4092 108 4144 dorma
131 4093 331 4144 aemulationem
350 4107 438 4142 eorum
457 4089 628 4142 accendisset.

96 4157 157 4225 ***)
185 4161 292 4226 apolog.
315 4159 377 4224 maj.
412 4159 465 4220 (ed.
486 4157 587 4209 blaeso.
608 4156 636 4225 d.
656 4157 705 4222 dl,
727 4173 753 4225 p.
769 4156 800 4210 79
819 4158 866 4222 a).

92 4227 131 4295 †)
152 4225 218 4279 lbid.
245 4227 289 4295 (ξ.
309 4226 434 4291 65-67,
457 4243 482 4292 p.
503 4225 643 4291 ιιι-84).
705 4247 710 4256 ’

93 4295 150 4363 ††)
172 4295 257 4362 ibid,
283 4313 308 4362 p.
328 4295 361 4350 ιιι
383 4295 414 4346 ι).
438 4295 479 4346 ed.
502 4293 592 4346 Colou.
744 4327 746 4329 -
1221 4355 1227 4368 Ι

92 4363 169 4430 ιι-ι)
191 4364 233 4416 Cl.
252 4363 449 4430 praesentiat,
470 4363 512 4416 ta.
536 4360 661 4429 (maxime
680 4361 709 4428 θ.
729 4364 746 4415 t
765 4369 791 4413 et
809 4363 848 4430 5),
870 4377 895 4430 p.
915 4363 966 4427 250
985 4377 1021 4416 ss.
1042 4363 1084 4416 ed.
1103 4358 1239 4419 Messena,

12 4433 84 4486 et5
114 4433 142 4488 2·
185 4433 317 4487 abaco.
1083 4481 1086 4488 .

86 4470 141 4569 'os-y
161 4449 232 4559 l'ide
250 4501 333 4554 locum
352 4501 435 4566 ipsum
453 4513 531 4566 sayra
552 4497 701 4561 alienatum.
