2944 4890
220 331 284 396 sce
655 325 997 397 accubuerunt
1176 397 1178 406 ,
1257 400 1263 405 ,

196 526 200 538 ‘
218 506 337 570 felicius
355 514 495 588 poteraut.
521 504 644 568 Rectius
661 515 738 568 certe
754 506 810 568 bac
826 508 861 568 de
878 525 910 566 re
927 505 1036 568 sentire
1053 503 1167 566 ridetur
1183 510 1288 564 auctor
1303 509 1425 564 actorum
1461 549 1462 570 ,

220 593 373 658 Saturnini
393 593 555 675 presbyteri
575 605 602 655 et
621 594 782 674 sociorum,
802 594 869 676 qui,
892 595 960 657 dum
984 593 1025 678 (ξ.
1043 593 1073 654 9.
1089 614 1117 671 p.
1134 589 1266 668 mint.)
1311 589 1426 652 Emeriti
1461 587 1462 614 ³

219 683 442 767 responsionem
463 684 498 742 ud
525 682 710 760 proconsulis
730 681 948 764 quaestionem,
962 702 1037 744 ,num
1055 679 1236 760 Scripturam
1256 675 1386 759 aliquam
1402 680 1426 739 in

221 774 305 833 domo
326 790 381 832 sun
404 771 547 831 halrerct‘l
575 771 650 832 hanc
670 769 780 831 adfert:
805 772 903 846 trabea,
927 771 976 830 scd
993 775 1023 830 iu
1042 771 1121 830 corde
1137 787 1212 842 meo;
1233 765 1375 847 deinceps
1392 769 1427 828 ita
1461 821 1462 824 ,

221 858 413 940 pronunciat:
437 862 461 918 0
478 867 625 930 utanturem
642 860 768 937 Apostoli
785 878 938 930 memorem,
957 863 1004 937 qui
1022 858 1106 934 leqem
1121 861 1236 916 Domini
1251 862 1426 935 conscriptam
1461 887 1462 958 p

221 950 326 1020 haberit,
346 967 400 1007 non
418 955 589 1017 atramento,
613 947 661 1006 sed
678 950 787 1024 Spiritu
807 952 859 1006 Dei
874 951 938 1020 uiui,
958 965 1013 1005 non
1032 953 1061 1004 io
1077 945 1180 1004 tabulis
1195 943 1324 1023 lapideis,
1340 945 1387 1003 sed
1403 950 1426 1004 tn
1461 969 1462 972 ¹

221 1037 324 1096 tabidis
341 1036 432 1093 cordis
455 1033 634 1093 carnalibus!
669 1037 693 1094 0
717 1043 866 1107 marturam
889 1035 956 1110 lepis
973 1053 1072 1092 sacrae
1088 1032 1214 1092 idoneum
1231 1033 1427 1110 diligentemque
1461 1087 1462 1106 ,

222 1123 368 1194 anastodenr,
385 1127 432 1200 qui
446 1122 613 1180 traditorum
627 1122 741 1196 facim
754 1122 970 1199 perborrescens‚
986 1125 1141 1200 scripturae
1156 1120 1310 1179 dominicas
1326 1136 1426 1198 nc'per-
1461 1111 1462 1204 ,

222 1211 315 1294 duret,
325 1213 395 1268 inter
411 1217 514 1267 secretu
530 1213 576 1268 seri
590 1207 707 1287 pectoris
722 1207 881 1268 collocarit!
1461 1209 1462 1298 l

205 1365 217 1372 ..
310 1294 364 1372 28)
385 1293 528 1355 Testatus
542 1294 614 1354 illud
632 1305 675 1356 est
691 1297 727 1355 do
744 1312 778 1354 se
790 1293 962 1356 Mensurius
975 1290 1148 1372 Cartbagiu.
1165 1290 1254 1372 episc.
1267 1290 1298 1351 iu
1314 1290 1429 1371 epistola
1461 1327 1462 1372 t

223 1383 259 1444 ad
278 1381 446 1443 Secundum
465 1381 665 1460 Tigisitanum
685 1391 824 1458 exuratn;
855 1382 885 1442 iu
906 1401 964 1462 qua
980 1382 1117 1461 scripsit,
1139 1399 1171 1439 se
1189 1379 1306 1440 codices
1324 1399 1429 1452 sacros,
1461 1395 1462 1422 ³

223 1490 260 1534 nc
277 1489 295 1556 a
314 1469 553 1549 persecutoribus
571 1469 788 1546 invenirentur,
814 1469 975 1531 abstulisse
996 1484 1083 1550 utque
1107 1487 1260 1544 servasse,
1288 1477 1317 1528 et
1335 1467 1430 1528 borum

222 1558 288 1619 locu
305 1557 336 1618 in
356 1558 479 1620 basilica
498 1557 644 1628 Novarum
663 1565 769 1638 scriptu
786 1560 984 1620 baereticorum
1003 1555 1177 1637 reliquissc3
1201 1575 1278 1634 quae
1301 1575 1366 1616 cum
1387 1555 1430 1614 in·

222 1645 372 1708 uenissent
397 1653 602 1726 persecutores
627 1654 654 1706 et
679 1645 888 1724 abstulissent,
922 1644 994 1704 nibil
1019 1643 1147 1724 amplius
1172 1663 1190 1705 a
1214 1661 1247 1703 se
1272 1641 1430 1724 postulasse
1461 1657 1462 1700 ἲ

224 1736 286 1813 (apa
310 1734 506 1812 Augustinum
532 1733 561 1793 in
591 1732 1156 1812 Breuis.Gollat.·c.13.1p.38d.0.).
1192 1729 1246 1790 Pia
1266 1730 1430 1791 uertebaco
1461 1765 1462 1802 p

222 1821 307 1882 frutus
326 1820 382 1882 fuit
400 1821 546 1881 Mensurii
567 1831 593 1882 et
612 1820 757 1883 ecclesiae
776 1820 930 1901 profutura
949 1830 977 1882 et
994 1819 1061 1896 sibi,
1086 1839 1123 1880 ue
1139 1820 1175 1878 ad
1193 1817 1370 1898 supplicium
1387 1839 1430 1879 rn—

223 1915 343 1990 peretur
367 1917 394 1968 et
418 1919 605 1970 servarentur
629 1920 724 1970 tamen
749 1908 827 1970 sacri
847 1909 965 1970 codices
989 1928 1007 1969 a
1030 1906 1178 1982 flammis,
1194 1926 1361 1986 quanquam
1379 1925 1430 1966 non
1461 1921 1462 1962 t

224 1995 319 2058 omnis
351 1995 440 2074 plane
472 2017 577 2075 expers
604 1995 709 2076 culpae
733 1999 898 2058 censendus
924 1995 963 2055 sit
985 1993 1177 2070 Mensurius,
1205 2013 1239 2054 co
1264 1996 1342 2074 quod
1362 1993 1430 2072 turpi
1461 1983 1462 2062 l

224 2081 411 2144 simulatione
436 2092 463 2142 et
487 2084 624 2162 episcopo
649 2093 727 2144 tanto
745 2085 884 2164 indigua,
910 2081 1067 2143 tradidisse
1085 2081 1203 2142 codices
1221 2099 1324 2142 sauros
1348 2080 1431 2142 videri

122 2179 126 2182 “
224 2167 341 2230 volebat
356 2168 527 2247 gentilibus,
546 2169 750 2252 irnmiuentem,
768 2171 793 2233 si
810 2163 901 2232 secus⁸
914 2170 1032 2246 faceret,
1049 2169 1150 2230 mortis
1166 2177 1299 2229 metucns
1316 2189 1431 2249 poenam

224 2276 281 2318 nec
299 2277 350 2336 pro
367 2255 531 2318 Ilei'ncrbo
551 2257 610 2338 pati
630 2269 766 2337 paratus:
791 2268 819 2319 et
842 2259 958 2339 placere
977 2265 1073 2318 tamen
1090 2257 1260 2317 orthodoxis
1277 2255 1343 2317 fidei
1365 2277 1430 2317 oon-

225 2344 400 2418 lessoribus,
424 2347 499 2424 quod
521 2365 627 2406 morem
646 2345 731 2406 dictis
751 2367 933 2425 paganorum
952 2363 1136 2426 nequaquam
1154 2342 1293 2421 gesserit.
1327 2344 1430 2406 Eadem
1461 2365 1462 2368 ¹

219 2432 362 2494 fortassis
389 2423 454 2491 loca
479 2433 615 2494 habenda
642 2454 759 2514 quoque
788 2433 842 2495 erit
867 2431 976 2494 Donati
1001 2431 1185 2492 Otrlamcnsis
1211 2429 1376 2506 confessio,
1406 2431 1431 2489 iu
1461 2431 1462 2474 ἓ

227 2519 356 2584 Cirtensi
374 2517 570 2580 conciliabulo
588 2521 725 2599 exhibita,
744 2523 820 2600 quod
838 2517 952 2582 scilicet
967 2522 1071 2580 codices
1086 2521 1263 2601 rnedioinules
1279 2517 1431 2593 tradiderit,

227 2609 289 2685 (ap.
306 2607 503 2684 augustinum
523 2607 544 2668 1.
563 2607 582 2668 Ι.
603 2629 628 2669 c.
646 2609 724 2685 22).
748 2609 831 2669 Haec
849 2609 915 2688 ipsa
932 2627 1001 2669 vero
1018 2605 1128 2686 scripta
1147 2604 1343 2686 supposititia,
1368 2626 1393 2666 v.
1406 2625 1432 2684 g.
1461 2615 1462 2684 f

225 2693 451 2766 baereticorum,
470 2701 581 2754 retenta
597 2715 805 2776 nonuunquam
822 2695 957 2756 videntur
970 2714 988 2754 a
1000 2693 1163 2775 jndicibus,
1180 2694 1288 2774 quibus
1301 2692 1432 2773 deinceps
1461 2717 1462 2780 q

227 2790 328 2842 contra
345 2779 529 2842 Christianos
549 2781 702 2860 gentilium
723 2782 917 2863 philosophos
936 2801 1008 2842 usos
1029 2801 1094 2843 esse
1113 2790 1237 2845 constat.
1461 2851 1462 2870 ,

198 2905 204 2922 .
313 2867 370 2940 29)
393 2868 503 2930 Horum
522 2889 587 2930 cum
604 2869 692 2950 plane
708 2869 775 2930 iniri
794 2890 933 2932 uumerus
951 2879 1084 2949 nequeat,
1104 2890 1189 2930 nemo
1208 2888 1325 2949 quoque
1341 2887 1434 2928 eorum
1461 2903 1462 2926 t

158 3012 162 3019 .
227 2953 394 3034 catalogum
419 2977 499 3018 aruc
517 2956 710 3033 desiderabit3
742 2946 866 3040 cumque
884 2956 946 3018 lieri
967 2975 1025 3017 nou
1043 2956 1183 3037 potuerit,
1203 2963 1235 3016 ut
1255 2954 1434 3034 singulorum
1461 2949 1462 2996 l

166 3079 170 3083 -
226 3043 394 3105 memoriam
411 3045 549 3126 prosequi
560 3045 685 3122 licuerit,
702 3045 837 3108 Romana
849 3043 978 3107 ccclesia
989 3065 1048 3106 una
1061 3044 1116 3121 dic,
1133 3063 1236 3124 nempe
1249 3043 1287 3105 11.
1298 3041 1435 3118 ianuarii,
1461 3051 1462 3056 ’

111 3187 115 3192 .
183 3189 187 3200 ,
227 3133 347 3194 eandem
364 3132 421 3192 boc
437 3133 595 3212 praeconio
612 3131 755 3194 celebrat:
771 3140 879 3195 Romae
895 3137 1114 3195 commemoratio
1129 3131 1312 3213 plurimorum
1327 3140 1436 3192 sancu-

226 3241 288 3282 rum
308 3230 474 3294 marturum,
502 3227 549 3301 qui
567 3231 658 3299 spreto
679 3225 845 3284 Diocletiani
862 3228 1038 3301 imperaturis
1063 3223 1167 3298 edicto,
1194 3241 1247 3301 quo
1272 3221 1348 3280 tradi
1367 3224 1438 3279 socri

226 3309 332 3370 codices
347 3309 531 3385 pariebantur,
555 3315 648 3387 potius
671 3331 789 3390 corpora
808 3310 1000 3385 carnificibus,
1026 3329 1108 3389 quam
1123 3318 1223 3369 sancta
1241 3309 1311 3368 darc
1328 3308 1437 3367 canibus

226 3397 383 3456 mutarerunt
413 3394 484 3479 (vid.
505 3395 625 3456 Barcaii
644 3400 748 3476 Annal.
767 3401 839 3458 Ecol.
861 3404 938 3458 Tum.
956 3402 999 3458 11.
1023 3418 1090 3458 ann.
1110 3397 1183 3458 302.
1206 3394 1233 3478 ᾗ.
1251 3394 1328 3471 22.).
1365 3395 1437 3455 luter

226 3482 347 3562 primos,
366 3481 415 3562 qui
433 3483 462 3542 in
481 3481 581 3544 Africa
598 3492 716 3564 propter
733 3484 849 3546 codices
867 3503 893 3547 s.
911 3483 991 3565 passi
1008 3494 1086 3560 suut,
1103 3481 1232 3543 refertur
1245 3481 1334 3543 Felix
1350 3481 1438 3561 episc.

227 3570 470 3650 Tulrpzacensis,
497 3571 583 3650 cujus
607 3581 690 3649 ncta,
717 3571 891 3652 saepissime
910 3571 995 3632 uoltis
1017 3571 1114 3646 citata,
1138 3569 1360 3630 fundamentum
1382 3569 1438 3630 fere

227 3667 296 3719 sunt
313 3657 452 3718 historiae
470 3658 669 3732 Traditorum,
694 3671 907 3741 proptereaque
930 3680 948 3721 a
966 3657 1094 3739 Dupinio
1113 3663 1295 3719 monumentis
1311 3660 1439 3720 ueteribus

227 3747 265 3807 ud
282 3751 421 3808 Donatist.
441 3736 587 3806 ilistoriur'n
604 3751 800 3827 pertinentibus
817 3755 847 3810 in
864 3749 1021 3828 Appendice
1044 3745 1140 3826 Optati
1161 3745 1280 3806 inserta.
1325 3745 1376 3807 Ex
1398 3745 1437 3804 bis

226 3852 296 3892 vero
315 3842 445 3913 apparet,
469 3831 610 3895 babuisse
631 3834 746 3915 quidem
764 3835 894 3896 Felicem
912 3835 944 3897 S.
963 3833 1139 3914 Scripturas¹
1151 3831 1284 3908 codices,
1309 3835 1362 3892 sed
1384 3843 1436 3892 trt-

228 3919 297 3991 dere
314 3921 454 3998 noluisse,
471 3923 548 4002 qnod
565 3925 663 3983 melius
678 3944 736 3983 esse
752 3922 941 3999 existimaret,
956 3944 986 3983 sc
1002 3929 1063 4001 ipae
1076 3923 1167 3998 aduri,
1180 3941 1267 4001 quam
1281 3925 1437 4000 Scripturas

228 4005 356 4081 deificum
389 4009 483 4090 neque
504 4009 589 4070 etiam
609 4009 781 4086 tradidisse,
805 4013 857 4072 sed
883 4010 978 4090 capite
997 4018 1159 4070 truncatum
1179 4007 1285 4069 luisse.
1332 4007 1436 4069 Eadem

229 4112 344 4171 quoquc
361 4115 443 4156 mens
460 4096 516 4157 luit
536 4098 646 4175 irenes,
664 4096 791 4159 feminac
809 4097 1052 4178 gloriosissimae,
1071 4117 1146 4178 quae
1161 4095 1298 4157 Dulcetia
1315 4095 1437 4176 praesidi

229 4182 396 4260 quaerenti:
419 4189 548 4262 quisnam
572 4187 620 4246 tibi
638 4197 736 4248 artctor
757 4189 827 4262 titit,
847 4197 877 4248 ut
895 4189 1069 4247 membranas
1092 4193 1165 4246 istas
1178 4194 1269 4265 ’atque
1287 4177 1436 4264 scripturas

228 4269 265 4328 ad
280 4269 442 4328 hodiernam
457 4291 541 4350 usqam
557 4275 629 4332 diem
646 4273 813 4336 custodires?
831 4272 912 4355 lactu¹
927 4272 1090 4352 respondit:
1110 4276 1162 4334 ille
1173 4279 1248 4334 Deras
1261 4278 1434 4352 omnipotens,

228 4360 276 4435 qtti
294 4356 381 4432 jussit
400 4357 477 4416 nolis
501 4360 538 4417 ad
555 4371 669 4421 mortem
689 4383 774 4442 usqae
791 4368 882 4442 ipsunt
901 4364 1029 4440 diliqere3
1049 4383 1105 4442 qna
1124 4363 1157 4421 de
1173 4361 1260 4422 causa
1277 4381 1335 4421 non
1360 4379 1435 4422 ausu

228 4463 341 4519 stemus,
372 4448 460 4504 Dcttm
478 4446 601 4520 prodere,
621 4450 669 4507 sed
686 4453 825 4510 molamus
846 4460 896 4510 aut
914 4455 1031 4510 uiuentes
1049 4451 1180 4521 comburi,
1200 4458 1250 4510 aut
1268 4467 1435 4528 quaecumque

229 4531 289 4590 alta
304 4531 382 4593 nobis
398 4529 547 4592 accidmint
561 4539 676 4613 perpati,
692 4556 776 4616 qaum
791 4539 863 4604 talia
877 4543 981 4618 scripta
997 4539 1110 4618 prodere
1130 4537 1202 4619 (nid.
1220 4536 1358 4600 Ruiunrti
1376 4541 1435 4598 Aeta
