2942 4892
445 275 457 288 ⁵
531 267 571 330 do
586 283 679 332 aeona
691 268 824 334 ueniri.
1214 263 1282 333 Ν

36 440 157 519 κίὶοιιίε
167 443 258 505 tocha
272 439 360 504 aaut
376 460 445 504 esse
455 442 586 522 recitata,
601 463 639 506 on
653 443 826 526 antiquitate
842 443 1003 508 christiana
1017 451 1143 507 constat.
1160 441 1282 512 Sorano
1297 519 1301 525 ί

49 549 171 594 aerum
197 529 396 611 apostolorum
421 532 554 612 monimo
579 533 770 614 sequentihus
794 532 871 595 aliae
896 533 982 596 etiarn
1006 551 1111 620 preces
1126 541 1154 594 et
1169 541 1241 594 ante
1254 527 1286 600 ot.

49 627 132 700 post
151 637 272 681 coenatu
287 617 415 681 usitatae
434 629 528 683 erant.
569 619 664 686 Vortra
681 619 871 682 institutionis
894 629 922 683 et
938 641 956 684 a
973 619 1090 683 Christo
1104 629 1135 682 et
1151 621 1190 681 ah
1207 639 1282 712 apo·

50 705 154 770 stolis
168 717 196 768 ot
215 705 362 770 ccclesiae
377 707 550 772 doctoribus
565 697 709 784 δνφώνοις
735 717 763 770 ct
779 704 904 791 λαμπρᾷ
922 705 967 794 τῇ
978 707 1067 796 φωνῇ
1083 707 1283 771 rannone·

52 804 92 856 et
112 793 232 878 quidem
248 793 351 876 plone,
371 815 429 856 non
447 815 519 857 uoce
536 794 682 860 submisso
708 805 759 858 aut
777 805 992 874 murmurante,
1021 817 1100 859 more
1116 792 1280 877 genelius»,

51 881 181 964 quale·
200 882 450 944 consumationem
475 883 587 944 ideirco
612 894 756 946 secretam
775 883 917 946 Pontidoii
937 883 1117 966 adpellitaut.
1155 881 1282 947 concilii

50 969 200 1032 Trideot.
220 970 350 1052 episcopi
378 966 461 1034 Sues.
477 971 529 1036 22.
549 991 584 1032 ee
600 971 748 1050 abierunt,
773 981 804 1033 ut
818 972 1019 1048 ¹anathematis
1037 971 1163 1037 latrina
1181 981 1282 1040 eontra

52 1058 307 1138 superstitionum
333 1055 616 1140 ethnico-papalium
642 1079 744 1122 osores
769 1059 928 1122 euismiut.
972 1061 1070 1126 Verba
1094 1060 1139 1122 sio
1154 1057 1281 1127 hahetis

53 1145 97 1208 Si
114 1144 185 1226 quis
200 1141 315 1223 dixerit,
328 1144 485 1208 Ecclesiae
495 1147 647 1210 Romanae
663 1149 759 1225 ritum,
774 1169 831 1230 quo
849 1147 995 1210 submissa
1015 1167 1085 1210 noue
1102 1165 1171 1232 pars
1187 1165 1282 1216 me·
1330 1201 1340 1210 .

52 1233 109 1294 nis
126 1241 157 1294 et
172 1235 263 1296 aeria
280 1233 513 1296 consecrationis
529 1235 727 1316 proiciuntur,
745 1239 942 1300 damnandnm
958 1255 1042 1313 csse,
1059 1234 1214 1300 arraona
1233 1235 1282 1300 stt

52 1319 156 1383 Panis
172 1320 281 1384 fractio
298 1321 470 1384 necessarie
488 1333 549 1384 erat
566 1324 744 1385 necessitate
763 1323 899 1407 physica,
916 1343 975 1385 non
993 1323 1102 1404 legalie
1128 1319 1281 1404 duroniu-

51 1409 134 1470 otor
152 1429 190 1470 ex
206 1429 327 1471 uomere
345 1407 408 1470 τοῖν
424 1408 458 1470 ἒν
475 1407 518 1488 τῷ
535 1409 617 1488 μέσῳ
633 1411 779 1490 κειμένοιν
794 1421 908 1474 veteres
919 1413 1094 1476 *censebant
1120 1441 1160 1458 -ν
1183 1405 1211 1492 5.
1231 1411 1281 1472 17.

53 1496 235 1578 Sequuntur
246 1497 321 1559 ritus
336 1497 367 1558 iu
380 1497 446 1578 ipsa
459 1497 704 1560 distributionem
717 1498 882 1580 sumptione
900 1499 1007 1582 nudati,
1016 1519 1091 1580 qnos
1107 1497 1281 1559 recenseat,
1316 1530 1321 1543 ι

52 1605 137 1648 mus.
155 1583 221 1648 Viri
237 1586 414 1648 incedebant
426 1594 536 1666 aperto,
550 1585 677 1648 leoninae
695 1586 790 1648 relato
807 1586 1019 1668 eapimlcor.
1032 1587 1186 1663 lt,t-a.
1210 1586 1281 1647 lton

52 1673 183 1734 tradunt
200 1673 325 1736 constit.
342 1673 539 1754 Apostolieae.
577 1675 677 1736 Bodas
701 1673 745 1736 Nc
763 1673 855 1748 forte,
873 1673 931 1751 ait,
948 1672 1083 1754 angelis,
1103 1671 1123 1736 i.
1140 1691 1175 1747 ι,
1192 1669 1281 1734 mial-
1402 1687 1405 1698 '

51 1761 137 1837 stris,
156 1761 328 1823 scandalan
345 1761 463 1842 aliquod
482 1760 625 1823 adierant.
658 1761 741 1823 Hace
760 1762 868 1827 relatio
891 1762 981 1842 pnnlo
999 1771 1064 1842 post
1082 1759 1281 1840 apostolorum

54 1857 195 1929 tempora
216 1847 247 1909 iu
265 1849 484 1912 desuetudinem
505 1850 593 1912 acuit.
632 1847 814 1930 Aliquando,
839 1856 914 1912 teste
935 1848 1000 1914 loh.
1017 1849 1204 1912 Damascene
1229 1849 1287 1926 (ts

52 1934 107 1998 lid.
140 1936 217 2000 orth.
249 1957 276 2000 c.
302 1935 370 2018 14.)
410 1939 590 1999 accedebant
615 1927 675 2008 τὰς
707 1941 812 2020 χεῖρας
842 1926 1080 2018 σχημάτιζοινες
1108 1937 1154 2008 oie
1179 1924 1281 1997 ainos

52 2020 211 2102 σταυρὸν.
251 2029 325 2086 Ante
342 2025 573 2087 communionem
594 2024 731 2088 lavabant
747 2044 870 2102 manus,
896 2023 1185 2106 praeteruehentes,
1204 2041 1281 2112 qnae

53 2112 220 2190 gestabant
245 2113 450 2190 dominicalia,
474 2113 494 2174 i.
512 2133 554 2190 e.,
585 2111 756 2174 linteamina
783 2113 887 2190 nitida,
915 2109 1023 2194 quihus
1044 2129 1153 2194 corpus
1171 2110 1281 2174 illinisti
1340 2169 1347 2180 ,
1379 2175 1382 2184 ,

53 2200 240 2280 exciperent.
275 2201 381 2263 Pontou
398 2199 525 2262 luminae
542 2212 723 2282 usurparunt
738 2197 852 2282 δοχείο,
870 2221 907 2262 cx
924 2221 1002 2262 auru
1014 2199 1134 2263 vascula
1151 2199 1280 2281 pretim

53 2285 124 2350 sive
140 2288 346 2368 receptacula,
372 2307 458 2370 quum
483 2289 724 2352 consuetudinem
747 2288 860 2350 ishihet
883 2288 988 2372 concil.
1009 2287 1165 2353 Constant.
1184 2287 1279 2348 'Prul-

51 2373 117 2438 lan.
136 2393 203 2438 ean.
224 2374 296 2438 102.
337 2376 524 2439 Offerelratur
548 2377 633 2439 edam
659 2375 761 2458 punis,
784 2385 860 2438 toste
877 2375 1074 2458 Hieronymo,
1092 2375 1124 2434 in
1141 2373 1280 2452 cannas,

53 2461 168 2525 deinde
183 2461 213 2523 iu
231 2462 356 2544 patinis,
381 2483 457 2548 quae
475 2463 598 2527 Graecis
614 2459 714 2526 δίσκοι
730 2461 912 2528 ductantur.
952 2464 983 2524 ln
1002 2461 1127 2526 Constit.
1144 2460 1279 2544 Apostol.

54 2553 86 2613 8.
107 2551 161 2612 13.
187 2553 258 2612 ordo
285 2551 559 2614 communicantium
586 2558 631 2614 sie
654 2551 845 2614 describitur:
871 2551 978 2617 Postea
996 2551 1189 2614 eommunicet
1214 2549 1279 2632 opl-

54 2659 188 2719 scopus‚
223 2638 328 2702 deindo
361 2639 521 2722 presbyteri
546 2650 574 2702 et
597 2641 712 2702 diaconi
749 2651 777 2702 et
806 2640 1006 2722 hypodiaconi
1038 2652 1065 2702 ct
1100 2639 1227 2702 tutores
1251 2647 1280 2702 et

54 2735 195 2788 cantores
220 2736 249 2788 et
271 2737 405 2806 ascetae,
431 2739 459 2790 et
482 2749 519 2789 ex
542 2727 659 2790 lerninis
687 2727 871 2790 diaconissae
895 2739 923 2790 et
947 2727 1078 2808 virgines
1101 2747 1137 2788 ao
1162 2727 1279 2802 uiduae,

54 2814 200 2894 deinceps
216 2815 318 2896 pueriq
346 2814 395 2876 nol
411 2807 486 2876 τότε
502 2811 594 2886 rodei
615 2803 689 2884 λαὸς
706 2802 783 2874 κατὰ
800 2805 907 2894 τάξιν,
928 2832 999 2878 ’σοον
1019 2816 1129 2896 pudore
1146 2823 1173 2875 ct
1192 2831 1279 2875 roce-

53 2900 163 2979 ren'tia,
180 2901 245 2964 sino
262 2903 397 2966 tumultu.
429 2902 653 2965 Distributionis
671 2905 776 2983 modus
791 2899 878 2962 tiebat
895 2923 947 2982 per
962 2899 1122 2984 ἒμχείρισιν
1137 2907 1167 2962 et
1182 2890 1279 2980 μονά-

54 2985 158 3053 δοσνν.
203 2989 406 3068 Piscator,
431 2991 632 3069 Bucunus,
656 2989 707 3052 alii
725 2981 929 3072 χειροληψίαν
947 2998 974 3072 et
990 2985 1155 3070 δμχείρισιν
1171 3007 1278 3054 νοσσι-

53 3077 168 3141 sarium
194 3097 261 3140 esse
290 3089 407 3160 putasne,
434 3081 470 3140 alr
496 3078 562 3160 ipso
579 3077 695 3141 Christo
720 3077 903 3152 inundatum,
931 3085 994 3138 utut
1017 3074 1187 3155 ceteroquin
1211 3075 1278 3162 ipss

55 3163 205 3228 Calvinus
230 3167 341 3246 (lustit.
358 3165 390 3248 4,
413 3168 462 3230 17.
480 3177 552 3228 sect.
571 3163 637 3245 13.)
664 3185 716 3248 pro
734 3174 855 3228 externo
873 3163 957 3241 ritu,
976 3163 1026 3246 qui
1043 3161 1162 3224 omniuo
1184 3153 1277 3224 aad*

53 3271 156 3335 φορσς
174 3252 221 3330 sit,
239 3245 319 3316 illam
335 3253 472 3318 venditet.
507 3255 537 3314 lu
556 3255 650 3335 priua
669 3265 765 3316 tranen
783 3251 911 3315 ecelesia
928 3250 1041 3334 aliquot
1060 3269 1114 3332 per
1128 3247 1232 3314 noculo
1246 3245 1278 3311 ln

53 3361 116 3403 usn
141 3339 199 3402 init
225 3338 399 3424 ἔγχείρισις,
425 3344 492 3404 dum
515 3336 604 3424 duplae
629 3335 759 3426 pepidoe
780 3343 815 3403 de
832 3338 1101 3404 manusaeerdotis
1117 3358 1206 3402 monn
1222 3355 1278 3400 saa

53 3426 261 3510 accipiebant,
290 3449 349 3492 uon
372 3451 409 3492 ex
432 3429 610 3492 necessitate
637 3428 800 3510 praecepti,
827 3431 879 3490 sed
905 3447 1020 3490 sumna
1043 3427 1278 3489 tlhristianormn

53 3515 193 3578 libertato
216 3515 247 3577 in
272 3513 573 3580 circumstantiallhns
599 3527 626 3580 ot
649 3516 827 3598 adiaphoris.
871 3515 929 3580 Per
949 3505 987 3576 νδ
1012 3503 1122 3602 λάβοιο
1139 3513 1276 3605 sumptio,

55 3624 116 3665 nen
133 3605 238 3668 modas
254 3604 430 3687 sumptionis
451 3615 591 3668 externus
609 3605 797 3687 praecipitur.
830 3605 1018 3666 Postmodum
1043 3600 1152 3666 sensim
1168 3600 1277 3681 paula·

56 3695 170 3773 timqtro
191 3681 359 3770 μετάδοσιν
384 3693 414 3756 in
439 3693 583 3756 ecclosias
614 3695 798 3757 invexerunt.
851 3691 950 3772 Aliqui
979 3684 1108 3772 propitiae
1133 3683 1221 3772 inplere
1243 3697 1278 3751 et

55 3780 156 3844 riuum
173 3784 275 3842 seeum
295 3790 447 3868 portarunt
464 3783 610 3859 domum,
623 3781 731 3863 quibus
748 3781 875 3846 animam
893 3779 923 3839 in
940 3776 1277 3860 persecutionumpeni·
1330 3809 1332 3826 ι

56 3867 135 3931 culis
162 3865 343 3932 solerentne·
378 3871 586 3932 adseruabant
610 3869 640 3930 ln
664 3867 791 3930 linteolis
809 3887 912 3948 panem
935 3874 1154 3946 consecratum,
1175 3874 1230 3926 ant
1246 3863 1278 3927 ln

55 3953 168 4020 arculis
184 3959 392 4020 recondebant.
429 3957 558 4020 Basilius
576 3968 660 4020 vocat
675 3957 863 4019 inveteratum
881 3951 1139 4018 cousuetudinem,
1166 3951 1277 4015 Meni*

55 4045 98 4107 nit
122 4043 214 4106 moris
235 4044 317 4106 illius
336 4045 501 4126 Cyprianus
527 4057 555 4107 et
573 4045 737 4124 Origenes,
768 4043 817 4128 qui
837 4043 959 4106 eandem
981 4041 1014 4100 iu
1036 4041 1278 4104 consuetudinem

55 4131 206 4195 invehitur
233 4141 261 4206 et
277 4135 530 4214 subsequentem
555 4129 709 4211 ἐπίκρισιν
742 4130 886 4194 auneodt:
922 4129 1068 4192 Dominus
1091 4149 1197 4211 panone
1217 4137 1278 4190 nd·

57 4219 171 4286 distulit
188 4239 244 4282 nec
267 4223 379 4283 servari
395 4221 487 4304 jussit
510 4223 541 4282 in
560 4220 731 4282 erastinum.
774 4217 919 4295 Mosille,
937 4219 1181 4300 quemadmodum
1198 4215 1277 4278 antu
1406 4299 1412 4306 .

57 4329 141 4388 mus,
171 4311 210 4370 oh
226 4309 447 4390 persecutiones
464 4319 491 4372 et
507 4307 633 4370 hostium
651 4305 802 4369 machinas
819 4305 1062 4368 est=lntredactus
1080 4317 1108 4368 et
1130 4321 1195 4366 mm
1220 4303 1277 4363 ab<

55 4405 209 4461 uterentur
233 4397 415 4462 consecratis
444 4397 586 4480 symlrulis
609 4399 645 4458 ad
673 4413 730 4458 res
745 4394 900 4458 veneticus*
920 4403 951 4456 ut
973 4395 1091 4458 amum
1117 4391 1302 4470 euraudus,·
1431 4429 1432 4436 ι

57 4487 175 4550 demum
189 4485 328 4550 ansatus
369 4483 578 4551 Eucharistiae
596 4483 739 4567 reliquias
757 4484 874 4567 pueris,
899 4483 954 4565 qui
966 4480 1087 4586 sudden
1103 4479 1276 4576 frequentas
