2968 4896
218 221 291 298 'ree
592 299 597 303 ,
672 216 738 303 ad.
782 231 990 303 senuna
1028 271 1031 276 -
1139 255 1141 260 ·

227 422 320 471 sensu
336 419 472 493 acceptas
485 429 507 474 n
523 407 727 494 parentaiibus
742 413 923 476 descendere
937 411 1003 494 quis
1019 401 1230 475 ittrnaveriot
1252 398 1350 476 Soi'as
1370 430 1447 473 mar-

181 563 184 572 ,
227 505 321 578 quom
339 517 452 582 agapas
469 503 505 562 ad
524 500 652 562 tumuios
670 501 874 563 rouiossorurn
890 501 956 562 iidei
974 499 1104 562 exhiberi
1122 499 1224 562 soiitas
1237 521 1305 562 cum
1319 501 1447 580 quadam

220 585 432 664 *probabilitate
448 608 485 648 ex
502 587 540 648 iis
556 589 725 653 deduxeris.
762 589 937 670 Quanquam
954 587 1039 650 otiam
1057 590 1093 650 ad
1110 581 1294 672 περίδειπνα
1311 588 1444 650 indeco-

226 691 290 734 rum
306 685 372 755 post
388 675 480 738 ianus
496 673 615 758 aliquod
632 676 731 740 habita
752 675 964 758 respiciendum
983 695 1115 738 censeo.-

330 823 402 895 Q‘uud
427 830 552 896 dixerim,
580 846 604 883 a.
632 831 657 882 d.
683 829 753 883 Viii.
772 826 831 881 itai
857 826 936 880 tiert.
962 830 1088 881 charistia
1113 829 1282 882 iiomeuorum
1310 829 1461 884 ceiebmta¹

295 895 392 963 inisse,
422 907 515 951 contre
532 898 621 952 iiosioi
640 899 799 966 aliorumque
819 899 985 967 nernuigeies
1003 900 1152 1018 officium,
1180 897 1342 950 temeritatis
1362 904 1444 948 notun
1460 889 1461 944 i

296 967 364 1017 haud
390 983 531 1020 vereorne
551 970 691 1020 incurrunt.
732 967 853 1020 Nouuuiii
872 967 897 1018 d.
916 966 989 1019 Xiii.
1034 969 1069 1020 eit
1094 967 1182 1020 iiertii
1204 968 1263 1018 huie
1279 967 1388 1018 solenni
1409 981 1444 1016 es·

295 1035 408 1099 signant.
445 1035 526 1088 Vetus
547 1035 731 1088 liniendurium
757 1038 823 1104 quoti
845 1037 993 1104 pierumque
1014 1037 1039 1107 iu
1061 1037 1173 1103 antiquis
1193 1035 1407 1103 Ovidii-pariter
1423 1041 1445 1085 ct

294 1106 481 1157 recentioribus
499 1107 632 1158 codicibus
650 1105 737 1157 Fastis
761 1106 890 1156 adiectum
909 1111 959 1156 est.
980 1119 1006 1156 e.
1028 1106 1054 1156 d.
1074 1105 1111 1156 xi
1130 1103 1189 1157 iiei.
1209 1103 1287 1156 idest.
1312 1103 1444 1155 charistia

295 1173 403 1226 indicet.
440 1175 529 1227 Sibr.
551 1176 707 1227 Siccemu
725 1172 783 1226 Vii.
803 1172 862 1225 iiai.
882 1172 992 1231 Martias
1011 1175 1100 1226 tabita
1118 1175 1214 1235 tradit,
1243 1189 1358 1240 quocum
1385 1173 1443 1222 mui-

297 1248 336 1292 tus
354 1244 545 1296 consentientes
563 1243 651 1296 videre
678 1251 719 1295 est
739 1244 805 1311 opud
825 1242 981 1308 (incenium,
1007 1243 1099 1310 quibus
1118 1244 1184 1295 idem
1204 1241 1263 1294 vlt.
1282 1241 1348 1294 diei.
1369 1240 1442 1292 iiart.

295 1311 350 1362 dies
368 1312 463 1379 piacet.
501 1313 586 1364 Causa
606 1314 712 1376 erroris,
732 1314 752 1363 si
773 1312 832 1378 quid
852 1312 1014 1377 conjiciendo
1032 1313 1135 1380 assequi
1150 1313 1236 1376 veieo,
1256 1309 1339 1362 dubio
1357 1309 1442 1378 procui

296 1381 360 1432 iunco
380 1382 437 1445 duit,
459 1383 525 1449 quod
544 1383 627 1434 iocum
649 1382 774 1450 quendum
797 1379 882 1431 Ovidii
904 1397 953 1431 uun
974 1388 1064 1432 curate
1082 1381 1147 1432 sutis
1168 1387 1195 1432 et
1209 1381 1332 1444 cogitate
1353 1395 1461 1445 enricu-¹

295 1450 385 1501 dentes
411 1452 538 1502 cuicuinm
564 1452 647 1502 minus
673 1457 744 1502 recte
770 1457 920 1518 posuerunt.
963 1447 1050 1515 Ordo,
1080 1465 1129 1517 qno
1157 1449 1321 1501 iutcrcaiurii
1350 1447 1440 1500 mensis

295 1518 362 1570 icsta
381 1535 409 1570 sc
431 1521 610 1588 excipiebant,
633 1521 674 1571 iric
693 1526 766 1572 erata
802 1517 961 1570 Fereiia.
983 1519 1182 1571 choristis.
1202 1517 1439 1570 'l'ermineiia

205 1604 209 1610 ·
294 1585 453 1654 Regiiugi
464 1605 527 1652 unu3
546 1589 583 1640 itu
602 1590 669 1640 euim
680 1587 788 1640 Ovidius
806 1587 923 1651 digessit·
948 1586 1122 1657 ¹,Regifugium
1141 1595 1231 1654 autcon-
1246 1587 1273 1638 in
1287 1585 1312 1639 V
1326 1585 1389 1638 iiel.
1406 1585 1440 1640 io,
1460 1589 1461 1640 ξ

294 1657 388 1779 cidissie
418 1673 569 1726 persuasum
596 1657 708 1722 hebent,
743 1663 897 1726 propterca,
915 1657 999 1722 »quod
1026 1655 1135 1722 Fugoiiu
1161 1657 1342 1725 descripturus
1368 1655 1440 1722 potita

294 1727 407 1779 occini:
509 1743 513 1750 ·

462 1798 538 1846 Nunc
555 1795 665 1846 dicendo
682 1793 747 1844 eriise'
765 1793 848 1858 Regis
866 1792 945 1858 suge.
984 1793 1079 1843 Traxit
1098 1793 1133 1843 nd
1146 1794 1198 1850 e'ilc

530 1861 640 1930 Quietus
657 1863 690 1914 ab
708 1871 819 1914 extremo
834 1864 938 1912 nomios
956 1878 1040 1912 mense
1057 1863 1122 1917 utre.

295 1965 346 2018 Scri
364 1974 485 2033 reputare
506 1967 657 2018 debuissent
676 1972 818 2018 extrenum
837 1966 962 2037 cujusque
982 1965 1078 2018 mcnsis
1095 1965 1163 2018 disne
1181 1965 1377 2032 computatione
1395 1961 1437 2013 iio·

293 2051 426 2086 manorum
450 2035 590 2088 secuudum
617 2035 697 2088 inisse
719 2051 734 2086 a
754 2033 889 2089 iieiendis.
927 2033 997 2090 Unde
1022 2035 1112 2088 ordine
1138 2033 1308 2098 retrogrado,
1339 2033 1437 2099 quintus

296 2104 327 2153 eb
347 2111 462 2154 ostreum
480 2104 547 2154 idem
566 2110 607 2156 cst
630 2119 687 2155 oum
706 2103 751 2156 Vi.
772 2102 947 2156 iiuionderum
966 2101 1064 2155 Martii.
1102 2101 1185 2169 Quoue
1210 2103 1290 2165 igitur
1313 2099 1436 2166 Regifugii

295 2173 419 2227 memoria
437 2173 488 2236 die,
511 2189 585 2240 quom
604 2173 674 2238 dini,
695 2171 738 2226 Vi.
759 2173 877 2225 nimirum
896 2169 1070 2227 iieiendurnut
1091 2171 1230 2224 recolenda
1250 2171 1349 2234 inerit,
1369 2183 1435 2236 quen

179 2299 181 2304 1
294 2239 451 2292 Terminuiie
472 2248 682 2306 antecesserunt,
708 2243 839 2308 sequitur,
859 2247 889 2292 ut
905 2240 1036 2294 choristia
1056 2256 1122 2308 quoe
1140 2240 1182 2292 dic
1200 2240 1319 2308 proxime
1339 2252 1436 2306 procoe-

295 2310 371 2361 deotc
392 2309 550 2362 Terminalia
576 2309 850 2374 celebratissimum,
879 2308 931 2362 lix
951 2308 1009 2362 iiei.
1038 2309 1135 2362 inerint
1159 2316 1228 2360 ecte.
1266 2307 1344 2374 Quod
1366 2308 1434 2358 sonu

293 2395 327 2432 cx
345 2377 502 2432 iiaiendario
519 2376 637 2450 Dionysii
652 2379 753 2432 Petevii
771 2379 937 2444 chromaci,
956 2380 982 2430 in
1001 2395 1050 2446 quo
1068 2378 1170 2430 etiamsi
1189 2377 1380 2430 Charistiororn
1398 2387 1434 2425 uo·

294 2464 351 2500 men
372 2465 420 2500 nou
440 2457 576 2517 occurrat3
595 2465 627 2500 cn
645 2449 713 2500 serie
731 2455 817 2498 tamen
835 2447 993 2514 reliquorum
1011 2447 1153 2499 soicuuinm
1168 2447 1277 2511 dierum,
1295 2462 1370 2515 ques.
1382 2443 1434 2494 teiis

293 2525 350 2571 est:
387 2517 425 2570 iX
441 2517 583 2570 Feralis
610 2545 641 2558 -
665 2515 713 2568 Vii
740 2515 957 2568 Termineiie
983 2543 1015 2558 ·-
1044 2517 1099 2568 dies
1128 2515 1317 2568 Cheristiurum
1345 2515 1431 2567 elucet.

272 2585 429 2654 -lixpreseit
452 2588 519 2638 innoc
544 2587 611 2640 diem
634 2583 818 2643 itateneormu
844 2583 985 2640 Romanum
1018 2586 1066 2641 suit
1093 2586 1248 2652 inperatore
1275 2581 1431 2644 mouentia,

296 2654 458 2710 Constantini
478 2654 514 2708 iii.
534 2655 597 2722 dito,
617 2656 688 2708 circe
706 2669 801 2708 eunom
818 2653 870 2710 354
889 2655 1056 2724 compositum
1078 2655 1145 2724 huno
1165 2655 1192 2708 in
1210 2654 1332 2707 modom:

435 2759 474 2814 iX
493 2758 654 2812 Feraiiu.

435 2827 486 2881 ΗΧ
506 2827 710 2880 choristis.

432 2895 479 2950 Vii
500 2895 741 2948 Termineiiu.

224 3033 254 3118 ᾗ.
271 3035 323 3098 12.
355 3037 484 3099 Faustus
502 3037 626 3114 Mones,
650 3044 683 3098 ut
696 3033 836 3108 traheret,
863 3053 921 3117 quo
939 3033 1115 3096 Christianis
1132 3031 1235 3116 eisque
1248 3032 1378 3096 ‘dominis
1392 3025 1431 3092 sui

226 3123 400 3198 detraheret,
424 3136 455 3186 nt
471 3135 540 3186 suot
556 3143 650 3186 murce
667 3145 783 3201 eorum,
807 3122 855 3204 qui
873 3143 892 3184 a
907 3122 1027 3184 veritato
1042 3121 1072 3183 in
1090 3141 1220 3199 errorum
1239 3121 1306 3184 aria
1326 3114 1430 3198 delapsi

226 3231 291 3271 enm
309 3211 374 3271 iidei
392 3212 486 3273 torma
502 3211 656 3272 divortium
673 3210 814 3286 iecerunt,
825 3212 869 3274 'ex
883 3210 996 3291 *agapis
1006 3210 1091 3272 etiam
1105 3231 1206 3272 unsara
1220 3210 1346 3286 crimini,
1362 3204 1429 3289 quoi

219 3296 402 3360 Christianis
418 3298 559 3377 objiceret
576 3315 737 3378 quaerens,
761 3297 905 3378 originem
922 3317 1022 3360 carum
1040 3301 1076 3360 ad
1094 3297 1240 3360 sacrificia
1257 3311 1428 3378 pauauomn

225 3384 371 3446 referciunt
393 3383 637 3466 christianusque
667 3404 849 3467 paganorum
866 3385 1011 3447 sacrificia
1026 3385 1057 3446 iu
1075 3405 1187 3466 agapas
1203 3384 1369 3452 demutasse
1384 3399 1428 3441 aa·

220 3471 433 3536 iumoiairatur.
474 3471 533 3536 seu
559 3471 696 3535 amoiitus
722 3484 767 3535 uet
789 3475 845 3535 hoc
869 3474 954 3534 istius
980 3473 1124 3556 objectum
1149 3473 1334 3552 Augustinus
1359 3469 1428 3543 (adr.
1460 3483 1461 3490 ¹

225 3559 357 3624 Manioi.
374 3559 426 3636 20,
444 3563 509 3637 20.)
533 3560 580 3622 iris
597 3559 717 3625 rcririsr
751 3561 898 3638 dromida
914 3583 1088 3641 puguaornm
1105 3583 1160 3622 nou
1175 3567 1305 3624 mutuos
1320 3568 1350 3622 ia
1364 3573 1425 3634 ooo·

224 3669 287 3730 pue,
304 3651 352 3712 sed
367 3650 537 3726 cerumtam-
550 3651 621 3710 iiied
635 3651 838 3710 ieteiiectmoe:
856 3651 1081 3710 Misericordiam
1094 3651 1156 3711 uolo
1168 3669 1251 3730 muno
1262 3645 1426 3724 eucmfioiuat·

224 3741 340 3817 donnes
355 3745 428 3800 euim
444 3747 558 3800 nostroe
571 3757 708 3817 cooperer
723 3746 841 3816 ammoni
856 3743 914 3798 eioe
928 3737 1058 3814 fractius
1071 3743 1128 3798 sine
1143 3738 1281 3811 coraibus,
1303 3754 1371 3818 quoe
1384 3747 1424 3791 out

105 3845 111 3866 ·
225 3828 389 3886 Manichaei
405 3836 435 3888 oi
453 3827 625 3888 ceutronum
640 3823 777 3906 priadpie
792 3845 863 3903 opos
877 3822 1029 3886 decenniis.
1050 3855 1090 3870 -·
1117 3821 1145 3904 §.
1164 3823 1214 3886 13.
1240 3823 1288 3886 Ex
1303 3810 1425 3904 pascici
1460 3869 1461 3878 2

225 3929 335 3988 coena,
361 3931 419 3992 qua
436 3911 568 3992 eorporis
591 3912 638 3974 sui
656 3921 685 3973 et
700 3910 858 3989 sanguinis
876 3909 1044 3987 mysterium
1061 3909 1188 3972 institnit
1204 3909 1356 3986 Christus,
1378 3905 1422 3964 do-

223 3997 306 4058 ducit
330 4017 381 4060 eas
405 3997 573 4061 Salmasius
608 3998 653 4076 (iu
676 4005 819 4080 apparatu
842 3999 878 4059 ad
909 3994 1003 4060 iitros
1028 3999 1064 4060 de
1088 3997 1213 4079 primatu
1235 3996 1355 4080 papae.)
1383 3985 1422 4051 uti

225 4085 435 4164 quodammodo
460 4085 546 4172 etiam
563 4085 707 4148 consentit
721 4085 833 4147 Parcus
849 4085 896 4165 (in
914 4093 1066 4147 comment.
1082 4088 1119 4146 ud
1145 4087 1160 4146 l
1181 4085 1249 4149 Cor.
1269 4085 1326 4164 11,
1348 4078 1421 4155 ²¹·)·'

221 4173 370 4234 ‘modaitio
384 4183 439 4248 eet,
464 4173 578 4246 dicens,
604 4177 776 4252 dimeticeos
792 4175 829 4236 od
845 4176 1000 4256 eusanium
1017 4175 1119 4236 cismo
1134 4179 1298 4254 nepesine,
1323 4175 1366 4254 qui
1380 4183 1421 4262 ut·

219 4261 386 4320 edomitum
409 4265 481 4320 ieter
495 4255 819 4325 meauedoee'inetitoit.
857 4263 919 4325 Noc
943 4263 1067 4334 deesse,
1091 4279 1167 4342 quac
1186 4259 1346 4324 sententiae
1363 4253 1420 4314 ituro
1460 4309 1461 4338 Ὺ

223 4345 372 4425 insignum
390 4345 670 4411 verisimiiitudinern
688 4345 854 4424 concident,
871 4367 908 4412 ex
925 4349 1118 4430 sequentibus
1134 4356 1274 4429 patescet.
1301 4347 1418 4410 aaaron

220 4431 416 4497 declarabunt
432 4445 558 4515 agapae.
591 4435 745 4512 Quonam
767 4437 860 4518 major
875 4435 985 4499 amoris
1001 4435 1181 4517 sigeidoado
1197 4435 1323 4508 existere
1338 4427 1420 4517 ponti
