2944 4898
315 231 352 292 dc
367 226 472 292 ritibus
488 217 713 313 baptismalium
727 251 791 297 see.
809 230 943 297 sccnudi.
982 325 985 334 Ι
1186 231 1229 298 ld

35 403 71 464 lin
85 419 154 482 orgo
168 399 316 482 primariis
333 399 436 468 saltem
453 403 542 470 lineis
559 407 760 470 admiratam
777 405 882 469 faciem
900 403 1027 486 duplicis
1045 405 1231 488 cerimoniae,

36 491 106 571 cnjus
122 488 351 552 chromatisneur
367 501 491 575 uterque
509 503 587 557 tento
602 498 758 558 rertrernm
775 503 934 576 apparatu,
957 491 1101 568 industria
1118 503 1146 555 et
1162 493 1231 556 nisu

36 577 195 643 christianae
212 577 358 642 eeclesiae
374 584 578 646 commendare
601 583 687 665 eiqne
711 582 901 664 apostolicam
924 581 1083 660 originem,
1107 591 1230 644 aetatem

37 679 107 747 atque
122 664 320 728 amputarem
338 667 500 732 conciliare
515 671 633 751 satagit.
674 671 824 750 Insignem
841 689 909 732 sero
927 671 1141 748 antagonistam
1157 671 1230 732 satis

38 753 195 816 conficetur
219 756 464 819 contradicentem
486 765 609 842 uterque
634 759 722 821 labet
745 756 972 832 llallaeurn,
1002 757 1051 838 qui
1076 759 1143 818 dnm
1165 758 1231 819 eui-

37 840 95 904 tite
107 861 269 922 persenam,
286 863 373 926 quarn
390 846 538 908 sustinere
553 845 652 927 gestit,
673 845 760 908 demit
776 845 980 927 propriamque
997 855 1025 906 et
1041 846 1166 907 nativam
1185 847 1231 908 la-

39 929 97 990 ciem
113 929 243 1008 exliiret,
267 932 385 1012 priseae
402 931 484 994 illius
500 933 654 996 adeotatae
671 933 788 996 canitiei
807 941 973 1014 expertem:
999 953 1032 993 ec
1055 932 1120 1014 ipse
1143 932 1231 997 simnl

39 1037 121 1078 eornm
136 1017 337 1080 anctoritatem
356 1039 534 1104 operamque
548 1021 579 1082 in
597 1024 750 1084 condenda
771 1021 846 1082 ritus
865 1019 958 1102 prima
977 1018 1091 1098 origine
1109 1029 1137 1083 et
1152 1023 1232 1084 anti·

39 1105 131 1184 quitnte
143 1113 197 1167 mm
214 1105 343 1186 prolixis
359 1108 533 1171 testimoniis
550 1110 672 1192 positam
689 1109 765 1171 tellit
787 1119 874 1190 atque
892 1117 1020 1170 enervat.
1055 1109 1232 1174 Posterioris

38 1193 135 1273 quidem
152 1194 325 1274 baptismum
341 1195 510 1271 insecutae,
535 1197 682 1260 unctionis
699 1196 924 1260 celebrationem
942 1196 998 1256 nec
1013 1195 1074 1278 jem
1091 1207 1185 1260 aetate
1202 1200 1233 1260 in

40 1280 144 1342 antissio
160 1283 343 1344 observatam
359 1283 465 1364 inisse,
491 1285 641 1348 coaetanei
657 1284 836 1348 Tertulliani
854 1283 1060 1357 testimoninm,
1087 1287 1154 1346 dnm
1170 1307 1232 1350 rem

39 1367 61 1427 in
74 1368 161 1449 epriee
178 1369 270 1450 penit,
287 1371 403 1434 inficias
419 1373 462 1434 ire
478 1371 574 1456 ipsum
591 1373 741 1455 prehibet3
756 1371 847 1454 priori
861 1391 938 1448 uero,
955 1372 1129 1454 baptismum
1143 1395 1231 1455 prae-

41 1477 150 1536 gressas,
175 1475 241 1522 cunr
260 1459 456 1538 germinosum
474 1472 723 1524 monumentorum
741 1460 883 1538 suffragia
900 1459 1006 1534 desint,
1030 1462 1232 1530 dcecnetitutt.

42 1556 111 1623 epod.
127 1555 264 1623 auctore,
288 1547 339 1629 qni
356 1567 390 1609 se
405 1549 460 1610 lras
479 1559 575 1628 partes
592 1569 733 1630 prospere
750 1555 878 1610 ueterem
897 1545 1169 1628 prirnnsrornmqne
1186 1561 1231 1612 te·

42 1631 107 1693 stinn
124 1631 272 1696 silentium
289 1636 353 1697 suis
371 1634 494 1716 prolatis
510 1647 558 1699 sat
580 1638 655 1699 scite
671 1635 873 1718 suppleturum
889 1637 952 1696 iore
977 1636 1231 1714 persuasissimum

41 1719 100 1781 tend
116 1721 204 1784 dubis
218 1723 337 1799 hebed,
362 1732 462 1803 aperte
485 1733 572 1806 atque
593 1725 723 1806 ingenue
739 1721 949 1805 profitetur*t:
971 1733 1037 1784 orent
1058 1725 1135 1804 opud
1149 1727 1232 1808 lenone,

42 1806 78 1884 nit,
91 1827 154 1889 qenes
168 1831 309 1891 nmquam
323 1817 354 1872 is
369 1819 542 1891 superiorum
551 1823 704 1894 temporem
714 1815 897 1873 neonnmentis
908 1812 1141 1890 deprehendimus,
1159 1835 1232 1876 non·
1254 1843 1258 1852 ,

41 1897 110 1971 nete,
131 1901 211 1978 quoto
227 1901 301 1960 tttee
315 1910 370 1972 ert,
394 1903 467 1980 quod
482 1903 645 1980 leptiznndi
661 1903 719 1963 oleo
735 1909 890 1978 rmprrnter,
915 1909 1063 1978 antequem
1080 1905 1233 1984 tinqenter,

42 1985 142 2064 quodque
155 1992 235 2048 tincti
249 2006 305 2052 non
322 1991 391 2068 oleo,
407 1989 456 2049 sed
472 1978 567 2068 piper,
584 1995 604 2051 i.
621 2011 655 2062 e,
670 1997 807 2066 aequente
824 1990 1019 2060 eltriomenter,
1036 2007 1151 2068 ‹prerem
1163 2013 1233 2053 nen·

43 2079 98 2131 treet
111 2075 240 2140 tammus
256 2080 285 2136 in
304 2078 360 2136 ulle
375 2083 553 2138 ornationem
565 2079 779 2139 odsereeeimns.
804 2081 881 2136 Nem
894 2077 941 2136 ndi
957 2077 1001 2136 lie
1015 2085 1108 2136 nemer
1119 2079 1153 2139 ds
1168 2081 1233 2142 die-

43 2165 190 2223 ttnitsetttnt
206 2169 364 2227 minimis
381 2169 453 2242 opit,
476 2167 507 2224 iti
529 2169 657 2246 inprimis
680 2167 784 2238 trudit,
809 2175 870 2224 eum
891 2165 1020 2224 mulieres
1042 2166 1233 2250 baptizentur,

44 2247 165 2313 emman
180 2271 280 2316 mere
295 2253 377 2312 medo
393 2253 513 2328 frontem
528 2255 613 2314 linere
628 2263 725 2314 cenete
740 2253 807 2327 oleo,
826 2261 883 2312 tum
901 2253 1088 2313 diaconissem
1105 2273 1154 2316 ees
1169 2277 1233 2335 per·
1281 2271 1284 2278 ‘

44 2353 130 2430 oppere.
167 2341 278 2400 lteiadr
299 2349 385 2400 toturn
401 2341 531 2422 baptismi
547 2343 671 2403 ordinem
685 2345 808 2422 sequenti
831 2345 920 2418 cepite
942 2359 1095 2412 coemens,
1121 2330 1161 2402 ori
1178 2337 1234 2419 μὲν

45 2439 93 2500 eea,
112 2430 212 2506 inqarit,
231 2471 238 2488 .
257 2471 266 2491 .
285 2469 293 2489 .
310 2432 340 2490 in
357 2429 456 2508 potius
469 2430 550 2502 dues,
576 2439 609 2491 nt
622 2431 693 2504 disi,
717 2430 793 2490 eides
809 2433 957 2502 ermionae,
979 2432 1100 2506 priorem
1116 2449 1152 2489 ee
1166 2431 1234 2506 eleo,

44 2520 93 2570 ente
105 2518 255 2576 tinmmnem
278 2521 337 2577 siue
351 2518 497 2592 lationem
520 2523 699 2595 posteriorem
714 2525 779 2596 pest
794 2519 922 2576 lotionem
938 2512 971 2574 dre
988 2511 1045 2575 reri
1060 2503 1169 2597 μύρου,
1197 2537 1233 2578 ee

45 2611 165 2675 aenne
185 2605 275 2684 Atqui
289 2625 375 2664 anem
391 2605 523 2666 laeetoaus
538 2607 733 2667 endieeremue
747 2623 861 2684 remque
875 2612 938 2682 pest
955 2607 1111 2664 tinctionem
1129 2614 1155 2664 et
1170 2611 1234 2686 qui-

46 2685 99 2762 tra,
112 2699 139 2749 ut
151 2692 271 2764 uidetur,
287 2711 324 2752 on
339 2695 459 2772 eitnpliei
475 2695 552 2768 elee;
570 2703 640 2756 certe
654 2713 793 2774 nrreqnem
811 2698 840 2752 in
856 2711 889 2752 en
905 2691 1081 2752 describendo
1097 2689 1157 2751 τοῦ
1174 2683 1235 2770 prl-
1291 2697 1292 2701 ’

46 2789 102 2849 att,
120 2782 139 2839 i.
153 2799 178 2841 s.
201 2785 337 2858 ementi
359 2799 395 2840 ee·
417 2782 544 2860 pierides
560 2787 702 2861 compositi
724 2785 842 2842 occurrit
858 2785 969 2840 montio.
1008 2785 1066 2840 Fae
1081 2787 1236 2844 memineris

48 2863 199 2939 tration,
215 2874 265 2949 qni
280 2877 366 2929 totmn
381 2870 511 2948 baptismi
525 2875 611 2930 ritum
626 2873 835 2930 neerrretiesime
849 2869 1003 2946 descripsit.
1029 2869 1110 2927 Nilei!
1126 2877 1237 2946 praeter

46 2949 88 3006 itte
100 2954 170 3030 opteri
183 2975 246 3016 oum
262 2962 392 3018 mouere.
429 2963 504 3035 Enyo
520 2955 594 3018 oiroe
610 2957 677 3018 taeee
694 2965 828 3034 tempere,
844 2960 865 3016 i.
881 2976 915 3026 e,
931 2955 1016 3032 parete
1033 2964 1096 3032 poet
1112 2960 1130 3014 1
1135 2959 1166 3015 V.
1183 2976 1235 3017 see.

47 3037 111 3097 irtio
130 3040 205 3114 ieme
226 3044 337 3106 uidetur
358 3046 411 3106 illo
431 3050 568 3121 meleto,
591 3065 688 3124 nornpe
710 3053 740 3104 ut
763 3063 823 3103 enm
845 3047 967 3119 primum
989 3059 1026 3100 oe
1043 3043 1101 3102 eleo
1117 3045 1237 3120 streptioi

48 3124 218 3202 liestmonam
233 3133 270 3192 ds
284 3151 367 3192 mro
380 3133 494 3194 immone
510 3137 625 3210 operest,
647 3141 706 3193 tum
722 3132 781 3192 eleo
796 3129 953 3190 temonem
972 3127 1038 3188 eddi
1053 3129 1187 3207 placuerit
1202 3149 1237 3191 ee

49 3211 155 3277 Moeeim
169 3227 241 3299 tppe,
258 3219 330 3300 qtrod
346 3219 503 3298 lsep'tremedi
519 3229 685 3300 trememtem
700 3217 900 3298 siqnilieendeo
916 3221 1007 3295 repiee
1023 3237 1056 3280 en
1071 3219 1238 3280 secerdoteli

49 3295 154 3374 &niati
168 3309 211 3385 (in
226 3327 312 3388 quem
326 3328 376 3387 per
391 3310 558 3388 baptismum
573 3313 780 3387 increparentur
794 3305 943 3386 credentes)
960 3311 1054 3384 eptiee
1069 3326 1152 3386 quem
1166 3311 1237 3368 sim-

49 3386 100 3461 tlw
111 3392 194 3453 obem
206 3396 354 3458 emmae.
390 3395 473 3457 llaec
489 3393 560 3473 illes
578 3415 616 3458 ex
634 3395 741 3478 quibus
756 3395 901 3476 integrans
920 3392 984 3473 ejus
1002 3395 1038 3454 de
1055 3392 1238 3474 antebaptis-

50 3472 116 3536 nate
131 3480 276 3543 unctionis
292 3489 388 3545 aetate
403 3491 433 3544 et
456 3483 627 3564 antiquitate
651 3483 824 3546 sententiam
849 3481 975 3542 dilucide
1001 3481 1167 3560 perspicere
1183 3503 1238 3564 pe-

50 3559 113 3626 teu's.
145 3561 223 3630 Salis
240 3579 376 3651 argutam
393 3591 463 3634 rere
480 3569 564 3633 hisee
580 3571 665 3634 dietis
683 3571 880 3652 conjecturem
898 3571 933 3630 de
951 3587 1041 3629 eausa
1059 3568 1240 3631 occasionali

51 3646 154 3727 uriginis
168 3655 250 3720 illius
266 3658 413 3721 unctionis
428 3657 461 3720 iu
478 3659 669 3741 sequentibus
686 3657 850 3741 subjungit,
866 3658 982 3737 quande
998 3667 1170 3733 auguratur,
1187 3677 1239 3736 per

51 3729 136 3798 ladam
150 3739 227 3810 illam
245 3754 386 3808 externae
401 3746 576 3810 conditionis
593 3747 716 3822 laniem,
744 3765 802 3827 qne
821 3743 1055 3806 Christianorum
1073 3763 1147 3824 grex
1164 3753 1238 3804 teur-

53 3823 152 3898 peritus
167 3831 350 3900 Constantini
366 3833 472 3916 lingui
497 3837 629 3916 gaudere
654 3833 764 3914 eoepit,
788 3841 873 3912 atquc
897 3851 951 3912 per
968 3829 1139 3912 profundam
1157 3839 1239 3893 tran-

53 3909 198 3988 quillitatem
215 3931 242 3984 et
258 3942 370 4003 pacem,
388 3943 447 4004 qna
462 3922 588 3986 ecelesia
604 3923 659 4002 spb
673 3921 762 4002 hujus
774 3917 915 4002 principis
931 3917 1053 3998 imperio
1071 3940 1129 3979 aen
1145 3917 1240 3982 selum
1299 3922 1302 3929 '

49 3995 196 4068 'lerientes
212 4007 290 4086 illis,
314 4009 422 4090 quibes
438 4021 524 4072 antea
541 4013 648 4073 aeerlre
664 4009 738 4072 satis
756 4019 784 4070 ct
799 4005 988 4068 multifariam
1012 4027 1117 4088 pressa
1133 4006 1240 4088 fumat,

54 4082 235 4160 alliotionitss
256 4095 383 4162 liberata
401 4103 515 4160 demum
533 4098 593 4160 irni
617 4097 846 4178 auspicaretur,
871 4095 925 4157 sed
949 4081 1065 4176 quique
1089 4106 1241 4176 praeterea

55 4166 262 4260 honoratiorem,
285 4185 447 4268 praecipua
463 4185 604 4266 dignitate
619 4185 766 4266 lautisque
789 4179 981 4245 facultatibus
1000 4179 1170 4264 pollentium
1187 4205 1240 4247 ac-

56 4275 134 4343 oeesn,
147 4271 274 4338 subsidio
292 4284 379 4357 atque
394 4273 558 4357 patrocinio
574 4283 661 4340 auctu
672 4294 760 4356 opum
772 4270 942 4354 externique
953 4269 1118 4354 splendoris
1130 4272 1241 4355 majera

55 4383 271 4418 “······---.-
909 4399 913 4406 .

112 4450 138 4524 *l
156 4457 186 4510 ‘le
201 4462 390 4531 confirmatione
404 4464 431 4534 2,
451 4463 493 4518 li.
