2968 4896
343 255 589 346 Konpponipeooo
601 261 741 328 historice
758 265 932 350 descriptus.
1179 265 1242 332 118

29 433 165 516 quidem,
193 443 222 497 st
235 434 296 498 nen
312 436 342 497 in
360 457 445 499 usone
464 437 668 520 eucharistiae,
694 442 746 502 sod
763 439 793 500 in
810 438 973 524 symbolum
991 438 1113 503 unitatis
1129 436 1198 499 fidoi
1215 447 1244 502 et

28 526 192 584 vocabatur
208 523 293 585 etiarn
310 517 451 602 ebriosos,
467 523 536 588 item
552 517 776 588 condelector.
808 525 1008 590 communiter
1023 535 1118 592 temen
1135 526 1243 606 hujus-

30 611 105 671 modi
121 607 221 672 'frusto
238 605 378 693 εὐλογίας
394 625 544 688 vocarunt,
564 634 639 695 qnae
650 635 716 691 vox,
734 625 849 694 praeter
861 612 1029 694 generalem
1046 611 1242 695 significatio-

31 719 97 759 nem
114 699 248 780 cujusvis
265 699 506 778 consecrationis,
532 701 691 782 specialem
709 701 778 764 item
794 721 904 764 coenae
922 701 1093 777 dominicae,
1113 701 1243 783 partien-

29 784 166 847 las'irtas
183 785 342 866 signifieat,
367 787 487 868 quaein
505 787 648 869 primitiva
665 787 844 851 ecclesialis
861 789 1014 864 dabantur,
1040 789 1089 871 qui
1109 809 1242 850 commn-

28 874 130 934 nicare
148 895 206 937 non
222 875 340 935 fuerant
355 873 448 954 parati
465 877 510 955 (ut
526 887 572 938 est
587 876 618 937 in
636 879 762 955 decreto,
789 879 865 958 quod
884 876 928 938 Pii
944 879 964 939 l.
982 877 1097 938 nomine
1115 877 1242 939 circun-

26 961 136 1038 iertnr)
152 961 280 1043 itemque
298 962 523 1024 catechumenis.
555 965 600 1025 Ile
617 963 718 1026 iisdem
737 963 812 1025 enim
831 964 945 1026 ridetur
959 963 1144 1063 Augustinus
1160 960 1244 1044 loqui

26 1049 79 1128 (de
101 1069 183 1128 pecc.
207 1049 297 1111 merit.
318 1049 405 1130 abb:
445 1055 512 1111 Non
535 1055 694 1114 uniusmodi
711 1063 751 1114 eet
768 1053 968 1130 sanctificatio,
991 1052 1102 1134 inquit,
1128 1073 1196 1114 none
1217 1063 1245 1114 rt

29 1140 235 1198 eobohrrnrenos
257 1137 404 1198 secundom
420 1141 556 1219 quondam
580 1143 690 1201 modom
713 1161 795 1202 sarone
816 1162 866 1220 per
887 1148 996 1219 sipaem
1015 1144 1118 1202 Christi
1132 1152 1159 1202 ot
1173 1163 1242 1203 oro·

28 1231 126 1285 tionem
144 1247 246 1286 monus
260 1230 433 1304 impositione
456 1236 523 1306 pcto
545 1228 717 1304 candificant
738 1238 764 1288 et
787 1229 860 1308 qnod
874 1234 1027 1308 occipiunt,
1050 1236 1176 1308 qaromoie
1188 1250 1244 1290 oon

29 1319 63 1372 ait
80 1333 183 1392 corpus
200 1319 321 1388 Domini,
336 1322 464 1374 soncbrnr
480 1323 520 1374 est
536 1325 636 1390 tomen,
652 1325 678 1376 et
694 1321 827 1392 sanctius,
850 1337 934 1396 quone
945 1318 1000 1376 'cibi
1017 1318 1114 1395 quibus
1130 1319 1242 1392 olimae,
1341 1369 1345 1374 .

29 1406 160 1478 qaroniom
174 1409 379 1460 sacromentum
393 1409 442 1462 ost.
466 1399 658 1482 Nequaquam
672 1421 741 1463 vero
756 1402 953 1478 Angustinnm
972 1422 1023 1482 per
1039 1401 1095 1462 hoo
1109 1416 1243 1464 sanctum

29 1486 197 1566 intelligere
214 1485 365 1566 vulgarem
381 1486 488 1564 cibum,
513 1509 550 1550 cx
567 1509 601 1550 eo
618 1498 704 1568 patet,
721 1490 798 1570 quod
815 1489 845 1548 in
862 1489 1112 1568 subseqnentibus
1129 1489 1254 1550 demum

30 1575 65 1634 de
82 1573 201 1654 uulgari
215 1575 281 1634 cibo
297 1583 376 1654 agat.
412 1580 514 1636 Verum
529 1586 555 1636 ot
571 1581 648 1656 ipsos
663 1577 745 1651 otbos,
764 1574 870 1655 pergit,
888 1577 988 1656 pibbae
1004 1578 1042 1636 od
1057 1583 1244 1638 enormitatem

31 1663 226 1752 sersteotondoe
242 1665 324 1741 boios
339 1669 413 1722 oitco
429 1665 548 1740 alimur,
574 1664 746 1739 sanctificari
762 1665 834 1724 idern
849 1665 992 1742 oportoloe
1008 1666 1089 1740 distr,
1112 1685 1162 1744 per
1178 1685 1243 1726 eor·

31 1751 92 1809 born
108 1756 161 1810 bot
177 1760 204 1810 et
221 1757 391 1822 orobionem,
415 1771 470 1830 prro
487 1772 618 1827 orooror,
642 1758 735 1831 atique
751 1761 848 1812 nostru
866 1753 1030 1830 rumusculo
1046 1753 1176 1826 refecturi
1193 1762 1244 1814 oto.

30 1835 93 1898 Vid.
111 1839 148 1898 de
164 1835 292 1916 eulogiis
311 1835 393 1898 hisco
410 1835 448 1898 ls.
466 1835 675 1900 casaubonum
701 1841 811 1918 (exerc.
831 1839 880 1898 16.
908 1839 943 1898 ad
961 1835 1067 1898 Annal.
1086 1838 1194 1900 baron.
1213 1859 1243 1900 n.

30 1924 80 1985 33.
96 1921 237 1985 Bollaim.
254 1922 289 1985 do
307 1925 423 1985 eochar.
440 1922 471 2002 2,
487 1927 565 2002 ab).
591 1961 630 1974 -
663 1925 690 2008 §.
711 1923 759 1987 14.
790 1924 946 1986 Caeterum
963 1925 1162 1987 catechumeni
1181 1935 1244 1986 utut

29 2010 166 2091 baptizati
191 2010 248 2092 ipsi
271 2031 328 2072 non
352 2009 461 2072 luerint
485 2014 521 2072 ad
546 2009 750 2074 ecelesiastica
774 2011 871 2073 officia
895 2012 1083 2076 nihilominus
1108 2013 1244 2074 admitte-

32 2100 145 2161 bantur.
170 2098 351 2180 'Exemplum
369 2099 434 2180 ejus
451 2099 494 2160 rei
509 2099 538 2160 in
556 2101 711 2162 Ambrosio
728 2097 879 2173 habemus,
896 2102 933 2161 de
950 2103 1051 2161 eodem
1070 2101 1145 2162 enim
1162 2101 1245 2165 Pau·

30 2186 107 2249 linos
127 2185 218 2266 episc.
237 2186 267 2246 in
286 2185 344 2248 vita
361 2185 506 2247 Ambrosii
525 2187 639 2267 prolixe
659 2188 763 2264 refert,
787 2188 827 2248 uti
852 2188 1080 2249 catechumenus
1103 2187 1200 2249 adhuc
1217 2197 1245 2250 et

31 2285 125 2336 rector
142 2273 285 2354 Liguriae
302 2273 504 2354 Aemiliaeqno
530 2295 547 2336 a
566 2274 674 2356 populo
690 2275 848 2356 episcopas
869 2272 1037 2354 postulatus
1055 2285 1081 2336 ot
1099 2296 1117 2336 a
1133 2275 1244 2337 llalen-

29 2361 139 2422 tiniano
157 2361 343 2428 confirmatus
360 2361 408 2438 sit,
426 2381 511 2442 quam
529 2359 699 2442 dignitatem
717 2361 1014 2424 etiamsiArnbrosios
1029 2381 1086 2420 non
1103 2360 1161 2422 nisi
1179 2371 1245 2442 post

30 2449 206 2530 baptismum
225 2453 262 2510 ab
280 2445 338 2510 alio
355 2450 494 2530 episcopo
512 2460 663 2530 acceptum
689 2460 717 2512 ot
732 2449 851 2529 impieta
869 2448 1071 2510 ecclesiastica
1094 2447 1191 2510 ollioia
1207 2450 1244 2512 ad

28 2557 116 2598 unam
138 2537 242 2598 omnio
259 2535 439 2618 susceperit,
466 2535 542 2600 alios
561 2546 657 2598 tamen
674 2535 799 2682 exe-pli
816 2534 882 2598 loco
901 2539 955 2597 hoc
972 2535 1116 2598 Ambrosii
1131 2535 1245 2598 'lactem
1336 2611 1339 2618 Δ

30 2625 182 2704 allegasse
200 2643 237 2686 ex
254 2645 288 2686 eo
305 2632 401 2704 patet,
428 2625 504 2704 qnod
523 2624 681 2686 'l'arasium
698 2645 734 2686 ox
771 2624 835 2685 nico
853 2625 954 2685 ordine
976 2625 1012 2684 ad
1030 2623 1245 2703 patriarchatus

30 2713 201 2792 dignitatern
219 2723 349 2773 evectum
368 2731 433 2772 csse
457 2711 486 2770 in
509 2707 634 2772 c'onoilio
651 2711 681 2774 8.
699 2710 833 2790 generali
857 2713 966 2773 diserte
990 2712 1134 2772 reseratur
1159 2722 1246 2793 atque

27 2799 147 2860 insimul
165 2801 203 2860 ad
222 2797 366 2860 Ambrosii
386 2795 550 2878 exemplum
568 2797 687 2878 copiose
704 2799 926 2878 respondeatur.
945 2797 1150 2858 Beatissimnm
1168 2818 1245 2878 quo-

28 2909 83 2968 que
99 2887 298 2965 Ambrosium,
322 2885 428 2946 dicitur
445 2885 559 2946 actione
577 2887 717 2961 secunda,
741 2884 1006 2964 splendidissimam
1023 2881 1172 2946 lucernam
1193 2905 1245 2945 ec·

28 2974 153 3050 alasiae,
179 2975 283 3055 quiex
302 2973 510 3035 catechumeno
527 2971 624 3034 divino
653 2973 808 3052 praesagio
834 2973 869 3032 od
888 2969 1083 3052 episcopalem
1101 2991 1154 3050 per
1170 2960 1245 3031 ‘cou-

27 3061 127 3123 tinuos
146 3064 259 3138 gradus
276 3071 425 3142 promotus
442 3069 487 3122 est
512 3059 701 3140 dignitatern,
728 3081 781 3120 cur
804 3057 891 3118 nobis
920 3078 972 3138 pro
989 3069 1086 3120 vestro
1105 3057 1245 3120 tutamine

29 3148 202 3230 opponitis?
234 3149 293 3224 Qui
312 3147 523 3227 noninstinctu
547 3147 709 3220 hominurn,
736 3149 787 3209 sed
804 3145 902 3208 divina
917 3144 1070 3208 vocatione
1086 3145 1246 3224 per-mira-

29 3237 162 3298 culorum
182 3235 318 3316 prodigia
336 3233 448 3296 electus
466 3246 520 3297 est.
551 3271 595 3280 —·-
624 3233 650 3318 ᾗ.
674 3235 723 3298 15.
757 3235 910 3314 Agendum
929 3253 1014 3312 porro
1035 3235 1071 3294 de
1090 3233 1246 3295 catechetie

29 3337 69 3386 est
95 3323 160 3386 sine
186 3324 240 3398 iis,
266 3344 388 3404 qnorum
407 3343 495 3403 opera
520 3321 619 3384 novitii
638 3321 788 3384 christiani
812 3321 842 3382 in
860 3320 992 3382 doctrina
1014 3319 1081 3381 lidei
1104 3319 1247 3382 informa-

28 3414 144 3474 bantur.
170 3410 342 3472 'Enimvero
361 3409 477 3471 erudire
494 3409 617 3471 alterurn
634 3420 661 3470 et
678 3420 840 3470 monstrare
857 3409 959 3485 eidem,
977 3428 1052 3488 quac
1069 3407 1246 3472 adsalutem

27 3499 114 3574 ducit,
134 3497 221 3572 viam,
245 3497 372 3560 omnium
390 3495 620 3560 Christianorum
639 3495 765 3559 officium
783 3508 810 3559 et
825 3495 850 3558 sl
867 3495 1027 3557 nesessitae
1044 3507 1158 3573 urgeat,
1182 3495 1247 3556 fra-

27 3598 127 3648 ternae
151 3585 284 3648 caritatis
308 3583 436 3646 debitum
463 3595 525 3660 est3
548 3586 584 3646 de
600 3605 657 3666 quo
675 3583 822 3646 humerus
840 3583 931 3664 (Opp.
949 3584 992 3644 ad.
1011 3581 1128 3643 lenens.
1147 3581 1246 3642 Germ,

28 3686 92 3737 torn.
112 3675 145 3736 2.
171 3695 201 3754 p.
219 3671 308 3750 233.)
333 3672 447 3753 inquit:
486 3671 583 3734 Wenn
611 3671 657 3733 ein
675 3671 774 3734 Christ
797 3671 837 3732 ist
861 3691 897 3730 an
915 3671 970 3730 den
989 3665 1078 3743 Orth,
1102 3668 1141 3727 da
1157 3666 1247 3728 haine

29 3761 168 3822 Christen
186 3760 263 3838 sind,
282 3763 319 3820 da
335 3757 413 3820 darll
427 3779 458 3820 er
474 3758 579 3820 heines
596 3761 707 3820 andern
720 3758 846 3835 Reruffs,
863 3759 938 3818 donn
956 3757 1024 3816 dass
1041 3773 1073 3813 er
1090 3754 1135 3814 ein
1149 3753 1247 3815 Christ

28 3849 72 3926 ist,
96 3847 252 3925 inuendig
269 3863 323 3907 ron
342 3846 411 3909 Gott
429 3845 561 3907 brruffen
577 3849 635 3907 uod
653 3844 796 3926 gesalbet,
823 3847 859 3905 da
875 3843 913 3904 ist
930 3863 961 3904 er
977 3839 1116 3920 schuldig
1132 3842 1187 3902 den
1204 3841 1249 3902 ir-

28 3939 139 3997 reodon
158 3933 282 4018 Heyrlen
308 3937 381 3995 oder
396 3933 572 3996 Uncbristen
596 3955 634 3994 zu
651 3933 791 4014 prodigam
810 3932 869 3992 und
895 3949 932 3990 ru
954 3926 1056 3988 lehren
1074 3931 1127 3990 das
1146 3929 1247 3990 Evan-

29 4021 152 4100 eelium‚
169 4043 225 4086 aus
242 4021 346 4084 Pflicbt
361 4020 566 4082 llrb'derlioher
583 4021 684 4095 Liebe‚
702 4023 739 4080 ob
754 4019 804 4079 ibn
822 4018 913 4079 schon
931 4015 1000 4076 kcin
1014 4015 1138 4077 Mensch
1156 4019 1248 4078 daran

29 4111 167 4174 berullot.
208 4109 278 4174 Also
304 4110 365 4170 obet
383 4107 415 4170 S.
433 4107 601 4188 Stephanus
619 4109 682 4168 Aet.
701 4105 731 4182 b,
752 4108 782 4168 7.
806 4109 870 4166 dent
895 4103 968 4164 doch
995 4102 1062 4163 heiu
1080 4106 1167 4183 Ampt
1191 4123 1248 4164 von

29 4201 82 4259 don
109 4197 250 4280 Aposteln
275 4217 311 4258 nn
335 4195 479 4278 praeligen
503 4191 641 4256 beiohlen
664 4207 742 4270 war,
765 4195 824 4252 und
849 4190 984 4271 prodigal
1006 4191 1079 4250 doch
1105 4193 1164 4251 und
1189 4191 1249 4251 thait

30 4305 138 4361 prosse
163 4285 295 4346 Zeichen
320 4283 358 4344 im
376 4281 481 4347 Vololr.
527 4281 613 4358 llum,
637 4280 710 4342 eben
737 4279 801 4340 also
825 4279 887 4340 thdt
909 4277 984 4338 auch
1002 4275 1172 4356 Philippus,
1197 4278 1250 4335 der

30 4373 157 4452 lliaopn,
176 4369 325 4453 Stephans
339 4369 457 4434 Geselle
475 4368 541 4432 Act.
552 4369 583 4432 8.
599 4371 662 4430 dem
679 4366 756 4430 auch
773 4370 826 4429 das
841 4364 1029 4445 Predigampt
1045 4364 1125 4424 nieht
1141 4361 1248 4423 befoh·

31 4459 77 4522 len
95 4481 168 4526 war.
206 4459 278 4523 ltem
302 4479 335 4521 so
353 4459 414 4521 thet
431 4455 536 4539 Apollo
555 4457 619 4521 Act.
637 4457 688 4520 18.
713 4459 790 4519 donn
813 4454 844 4516 in
863 4447 1078 4600 solebenplllpll
1099 4448 1175 4510 sihet
1200 4444 1248 4506 ein
