2944 4890
217 291 282 368 890
496 357 499 366 ,
646 286 1018 372 autonomastice

218 465 324 547 eoique
347 465 498 566 lapsorum
521 464 640 544 generi,
668 468 744 548 quod
765 465 918 537 eriminum
943 463 1130 566 poenitebat,
1153 463 1228 526 bene
1246 463 1285 526 ab
1307 460 1463 536 ecclesio

219 553 402 630 consultum,
428 553 513 619 etiaur
538 551 598 632 illi,
626 554 673 618 cui
698 554 744 617 rel
770 553 864 618 morbi
887 553 1122 634 ingravescentis
1144 549 1309 632 periculum
1327 550 1431 631 poeni-

217 643 324 721 tentiae
339 641 553 724 professionem
567 652 738 719 extorserat,
756 663 791 706 oa
804 653 898 706 tamen
912 640 980 723 lege
997 639 1173 718 consultum,
1190 649 1231 716 ut,
1246 648 1432 718 recuperate,

195 743 198 751 '
217 753 244 804 ιι
235 729 323 794 lieri
340 745 449 810 posset,
465 729 599 806 sanitate,
617 751 740 811 poenam
757 730 869 792 scelere
885 729 1004 810 dignam
1020 727 1204 830 susciperent
1221 726 1309 808 plane
1323 735 1360 788 ιιι
1378 747 1433 804 ιιι,

217 819 266 901 qui
286 828 444 882 consuetae
463 818 679 882 exercitationis
696 818 822 880 stadium
840 820 968 880 nondum
988 817 1108 893 emensi,
1131 815 1161 876 in
1179 815 1254 877 ritae
1273 813 1432 876 discrimen

117 911 146 924 ’“
216 907 350 972 venirent
372 915 399 968 ιι
422 916 489 984 post
512 905 683 986 imperatam
708 903 853 968 ecclesiae
875 926 975 986 pacem
1002 927 1039 968 ex
1057 906 1156 966 morbo
1183 903 1432 978 concalescerent,
1462 935 1463 990 ι

218 996 296 1076 quod
322 993 485 1064 canonibus
511 993 660 1058 delinitum
690 1004 844 1075 supererat
869 1005 981 1075 ternpus
1010 993 1041 1053 in
1068 991 1244 1073 poenitentia
1269 991 1432 1072 transigere
1462 999 1463 1056 t

102 1093 108 1102 “
219 1081 355 1162 oportuit.
400 1082 433 1142 lu
458 1082 535 1144 huuc
561 1101 680 1149 sensum
705 1081 838 1162 concepti
861 1081 1001 1160 leguntur
1021 1081 1168 1142 rariorum
1192 1099 1274 1142 cono.
1294 1098 1432 1156 canones,

218 1169 464 1247 Carthaginensis
489 1169 537 1232 tt.
564 1171 644 1253 (can.
662 1171 718 1248 76)
751 1168 927 1233 Arausicani
954 1171 976 1230 l.
1006 1169 1053 1246 (3)
1084 1164 1266 1231 Arelatensis
1291 1165 1333 1240 ll,
1367 1165 1432 1244 (38)

218 1257 244 1332 E
266 1255 406 1320 nonensis
423 1257 503 1334 (36).
522 1291 565 1304 --
583 1258 612 1340 b.
631 1259 679 1318 iti.
699 1257 869 1320 Debebatur
886 1278 921 1320 ea
936 1255 1102 1320 humanitas
1121 1265 1149 1318 et
1165 1252 1307 1336 primaevi
1323 1252 1431 1332 rigoris

217 1278 361 1416 reiteratio
378 1343 526 1422 Patribus,
551 1343 646 1425 quiin
665 1347 776 1426 syuodo
795 1343 929 1424 generali
947 1344 1079 1406 Nicaena
1096 1365 1133 1406 ex
1151 1343 1288 1406 universo
1305 1340 1430 1402 nominis

199 1431 371 1508 'christiani
391 1433 460 1496 orbe
479 1439 676 1496 convenerant
692 1444 719 1494 et
736 1433 784 1514 qni
802 1444 867 1514 post
883 1444 1025 1496 assertam
1039 1431 1103 1494 fidoi
1117 1427 1277 1494 catlrolicae
1291 1429 1431 1492 adversus

217 1520 319 1604 Αιίιιιιι
344 1520 505 1583 doctrinam
531 1523 661 1612 tandem,
685 1542 750 1585 cnm
776 1525 811 1582 de
837 1521 927 1602 lapsis
952 1530 1109 1622 ageretur,
1135 1538 1234 1581 eornm
1258 1538 1431 1598 quemquem

218 1599 318 1680 ultimo
339 1619 366 1674 et
388 1607 513 1668 maxime
537 1603 708 1670 necessario
727 1608 832 1670 viatico
854 1608 960 1690 privari
982 1607 1136 1670 uoluerant
1156 1628 1221 1668 carr.
1242 1608 1296 1666 12.
1322 1612 1355 1666 st
1373 1613 1431 1686 quie

218 1695 355 1772 receditur
377 1717 536 1775 ecorporc,
536 1697 655 1758 altiaco
678 1708 704 1761 et
727 1704 847 1758 ornatore
871 1703 1026 1758 accessorio
1049 1702 1148 1757 oiotioo
1166 1700 1277 1756 minime
1299 1698 1430 1772 privetur.

221 1787 393 1858 Generaliter
409 1795 501 1844 ιιιιιιιιι
520 1792 595 1846 oranti
610 1787 761 1848 celtiberia
778 1791 853 1846 erite
871 1791 970 1864 posito,
987 1795 1011 1846 ιι
1026 1790 1147 1863 poscenti
1162 1785 1215 1844 eibi
1232 1788 1431 1842 communionis

216 1877 340 1949 pretium
356 1874 448 1944 tribui,
473 1879 620 1952 epiecopus
636 1875 814 1961 probabiliter
832 1893 867 1933 ιν
886 1875 1021 1934 oblatione
1039 1875 1106 1932 doro
1122 1871 1231 1932 debebit
1274 1867 1308 1928 ld
1327 1889 1430 1947 nempe

218 1958 357 2038 deinceps
375 1968 532 2036 sorrentum,
550 1959 579 2019 id
596 1955 658 2024 lere
675 1963 713 2025 ab
729 1961 864 2022 omuibus
881 1959 1055 2022 custoditum
1074 1955 1220 2020 ecclesiis.
1265 1957 1290 2016 F
1294 1975 1343 2016 ere
1360 1956 1429 2032 dixi,

217 2068 284 2110 ιιιιιιι
308 2067 362 2108 ιιι
389 2067 504 2124 semper
528 2046 722 2123 omniuonrc
745 2049 782 2110 ab
807 2048 950 2112 omnibus
997 2045 1210 2127 Loquuuturl.
1239 2043 1322 2106 etll.
1350 2063 1430 2104 conc
1462 2057 1463 2134 ι

169 2180 175 2194 .
218 2133 408 2201 sardicensis
434 2153 572 2208 caricare,
596 2135 645 2214 qui
665 2135 1016 2236 ambitiososepiscopos,
1040 2137 1141 2196 sedem
1161 2131 1356 2194 cumaliaob
1377 2134 1463 2192 do
1462 2177 1463 2210 ι

217 2221 347 2290 minandi
371 2219 522 2284 libidinem
543 2233 762 2298 commutantes,
785 2223 814 2282 in
835 2223 916 2286 exitu
940 2223 1014 2284 vitae
1039 2221 1241 2286 commuuione
1261 2215 1454 2296 excluduut·

217 2311 304 2386 etiam
324 2308 411 2372 laica.
457 2309 601 2372 ddlrnec
594 2331 624 2372 nn
640 2313 763 2392 synodo,
784 2332 859 2391 quae
877 2310 972 2376 Side
965 2332 996 2372 ιιι
1013 2308 1177 2390 Pamphilio
1192 2318 1294 2370 eontra
1309 2308 1427 2370 Messa-

217 2397 313 2459 liaoos
330 2395 431 2460 habita
449 2396 515 2475 fuit,
534 2401 691 2474 decretum,
702 2397 854 2463 nemiuem
875 2418 994 2471 eorum,
1018 2398 1068 2478 qni
1086 2405 1154 2477 post
1173 2399 1339 2468 damnatam
1355 2394 1427 2456 bone

217 2483 354 2546 haeresin
371 2505 424 2546 seu
444 2445 540 2548 vertile
560 2507 614 2548 seu
631 2486 720 2548 factis
736 2487 912 2589 contagione
928 2445 1010 2548 illitis
1028 2485 1169 2550 infectum
1188 2505 1220 2548 ιι
1238 2503 1305 2548 esse
1321 2485 1428 2563 prode·

216 2579 270 2644 ret,
286 2591 414 2649 unquam
430 2572 642 2671 recipiendum,
657 2575 789 2652 quamvis
807 2575 914 2638 millies
932 2593 964 2634 se
977 2573 1185 2680 poepitentium
1201 2574 1314 2672 gradus
1330 2592 1429 2670 ornnes

217 2653 402 2736 expleturum
420 2659 617 2759 promitteret:
642 2659 768 2737 Μηκέτι
783 2650 895 2724 λοιπὸν
914 2652 1014 2758 ppipcr
1032 2659 1121 2741 ἔχειν,
1134 2650 1252 2759 perpil'u
1232 2679 1270 2719 ιν
1287 2649 1463 2739 μυριάκις

217 2737 424 2830 ἐπαγγέληιιιι
459 2732 531 2826 τὴν·
548 2737 637 2818 τάξιν
670 2741 872 2832 ἀναπληροῦν
899 2745 960 2808 τῶν
989 2737 1234 2825 μετανοούντων.
1278 2745 1363 2808 Haec
1393 2767 1428 2806 ex

216 2831 320 2906 Photio
337 2832 476 2895 Petronius
497 2835 529 2896 ia
550 2837 661 2896 dictrib.
678 2838 711 2898 de
728 2843 900 2898 Poeoitentin
917 2836 1034 2898 notauit.
1064 2835 1172 2902 Verum
1190 2845 1218 2896 et
1234 2835 1310 2897 banc
1325 2855 1427 2894 recru-

217 2922 384 2985 descentem
411 2921 584 3003 disciplinae
606 2923 788 2988 severitatem
816 2923 937 3004 infregit
960 2911 1153 2986 ecelesiarum
1175 2921 1239 2984 aeri
1260 2921 1428 3002 posterioris

216 3007 328 3088 praxis,
348 3008 448 3070 forte
440 3021 560 3072 ineunte
579 3029 639 3073 seo.
656 3011 700 3088 t,
720 3033 777 3092 quo
796 3014 895 3078 sedern
912 3012 1074 3076 Romanam
1093 3008 1268 3088 gubernavit
1284 3010 1429 3070 innocen-

216 3094 275 3156 tius
293 3095 325 3172 l.‚
349 3097 398 3176 qui
418 3096 565 3176 lapsorum
584 3097 699 3178 cuique,
719 3097 847 3178 graviori
867 3099 953 3163 etiam
971 3099 1091 3176 crimine
1109 3097 1264 3171 obstricto,
1286 3095 1312 3158 si
1329 3099 1428 3160 morbo
1462 3129 1463 3144 ι

216 3183 408 3262 affligeretur„
427 3205 550 3287 poenam
569 3196 596 3246 ot
614 3187 809 3264 paenitentiae
829 3197 942 3266 tompus
957 3187 1149 3250 relaxandum
1166 3205 1232 3248 esse
1250 3187 1429 3262 decreverat,

215 3292 282 3336 neo
298 3273 404 3348 scurolo,
430 3283 461 3334 ιιι
477 3273 517 3334 ait
527 3275 655 3374 ‚obsone
670 3281 857 3350 communione
873 3277 1037 3352 diseederet,
1061 3274 1091 3336 in
1114 3294 1171 3336 sua
1192 3274 1230 3335 nd
1245 3273 1427 3344 Decentium,

216 3359 309 3440 episc.
325 3357 523 3437 Eugubiuum,
541 3360 627 3462 epist.
643 3364 676 3426 de
691 3365 858 3424 Poecilenttb
860 3385 902 3440 ιιι,
924 3363 975 3424 et
968 3383 998 3422 ιιι
1016 3361 1086 3438 alia,
1102 3381 1205 3442 quam
1203 3358 1282 3422 dedit
1296 3361 1331 3421 ad
1344 3360 1427 3422 Exu-

213 3446 329 3548 perium
345 3443 454 3508 similia
470 3447 547 3509 ille
539 3469 569 3508 nn
588 3459 774 3528 peccatorum
793 3449 878 3512 etiam
897 3451 1107 3514 obstinatorum
1125 3458 1153 3510 et
1168 3447 1307 3510 demum
1298 3469 1329 3510 ιιι
1350 3447 1428 3510 exitu

213 3533 422 3614 poenitentium
441 3533 572 3598 favorem
592 3535 793 3602 constituerat.

300 3621 386 3685 tto.
411 3623 464 3684 lio
484 3623 699 3725 disciplina
725 3625 833 3688 cinea
857 3625 1110 3704 poenitentes
1130 3615 1321 3686 clericos.
1351 3622 1379 3706 ξ.
1398 3624 1426 3684 l.
1462 3617 1463 3628 ’

214 3707 299 3784 Quae
331 3712 367 3772 de
391 3710 595 3790 disciplina
572 3733 650 3776 crrca
674 3711 776 3792 lapsos
798 3723 826 3774 et
849 3713 1031 3792 poenitentes
1047 3715 1108 3794 lpro
1129 3711 1214 3777 uarie
1235 3709 1427 3776 ecelesiarum

213 3797 327 3858 ratione
342 3798 498 3880 hucusque
514 3799 591 3862 dictu
607 3799 701 3878 luere,
726 3819 760 3864 ea
778 3800 903 3880 quidem
909 3799 999 3864 facile
1018 3803 1306 3882 comprobantem
1323 3799 1426 3879 cuique
1462 3815 1463 3858 ι

214 3881 437 3946 eeclesiarum
428 3909 458 3948 ιιι
479 3887 658 3989 pecipiendis
677 3887 894 3989 poenitentibus
918 3909 1013 3951 nrores
1031 3889 1125 3957 fuisse
1149 3898 1188 3952 et
1191 3885 1251 3948 lroe
1274 3907 1425 3970 commone

212 3967 308 4030 fuisse
337 3970 488 4035 illarum
480 3975 605 4038 invicem
636 3975 782 4077 omniurn,
811 3978 887 4056 qued
917 3977 1095 4079 primaevum
1119 3975 1189 4036 illud
1217 3985 1244 4038 et
1275 3984 1425 4036 austerum

194 4076 355 4161 ¹tonsurae
380 4045 602 4127 ecclesiasticae
620 4084 728 4165 genus,
745 4063 782 4123 in
804 4063 871 4128 aliis
889 4065 1021 4144 quamvis
1046 4063 1141 4142 citius,
1165 4063 1196 4124 in
1215 4061 1282 4126 aliis
1303 4063 1426 4138 tardius,

128 4157 133 4164 '
212 4155 307 4210 umen
332 4145 362 4208 in
387 4151 538 4225 omuibus,
570 4151 710 4232 temporis
740 4150 865 4216 subinde
893 4172 1035 4216 successu
1061 4153 1092 4214 in
1115 4150 1262 4214 lenitatem
1295 4149 1425 4213 desierit.

210 4231 319 4298 Verum
336 4256 371 4296 ex
389 4235 425 4296 iis
442 4237 528 4300 simul
542 4249 675 4318 apparet,
691 4260 749 4320 quo
765 4239 861 4304 studio
876 4241 911 4301 de
926 4238 1167 4304 conservandam
1180 4249 1266 4301 coetu
1278 4235 1424 4310 Cbristiu-

209 4339 313 4396 norum
332 4321 408 4390 ritee
431 4323 625 4388 sanctimonia
641 4347 811 4406 morumque
828 4326 972 4428 probitate
988 4326 1166 4391 laboraverit
1185 4335 1268 4390 vetus
1287 4325 1425 4402 ecelesia,

71 4433 73 4440 ·
124 4475 131 4480 ,
211 4429 269 4489 qna
293 4428 331 4470 ex
354 4409 479 4470 adverso
504 4409 555 4471 illo
579 4413 761 4478 seueritate·
753 4435 783 4476 m
806 4435 859 4478 eos
880 4435 935 4480 neo
959 4415 989 4474 in
1014 4435 1105 4480 unum
1125 4413 1285 4480 alterumue
1306 4423 1424 4490 tantum,

188 4579 193 4599 1
211 4515 312 4561 rerum
330 4495 361 4560 iu
378 4515 480 4564 ornnes
499 4494 614 4563 inrecta
631 4497 728 4572 luerit,
749 4495 799 4579 oni
822 4501 911 4592 impie
927 4502 1050 4570 virendo
1068 4503 1250 4576 sanctiorem
1263 4503 1423 4569 doetrinern
