2968 4896
724 1132 946 1222 XXXIV.

382 1359 540 1446 Andr.
570 1354 800 1449 Scbuler
831 1357 885 1445 de
914 1356 1223 1470 susceptoribus
1236 1331 1287 1476 ⁴).

316 1615 345 1699 §.
368 1616 398 1678 l.
437 1613 584 1694 Tempore
606 1613 755 1676 nascentis
779 1612 926 1676 ecclesiae
950 1609 1144 1693 simpliciores
1162 1609 1255 1672 luisse
1279 1608 1370 1687 ritus,
1392 1607 1436 1671 uel
1469 1637 1470 1650 κ

230 1701 295 1786 ipsa
311 1701 519 1784 mysteriorum
530 1701 692 1764 diuinorum
707 1701 738 1762 iu
754 1701 791 1764 N.
799 1703 838 1765 Τ.
857 1700 1002 1782 descripta
1017 1699 1160 1760 institutio
1177 1701 1269 1773 docet,
1285 1697 1336 1759 ubi
1355 1718 1437 1777 prue-

231 1802 275 1854 ter
297 1789 467 1854 necessaria
490 1800 737 1852 sacramentorum
761 1789 896 1872 baptismi
922 1799 951 1850 et
976 1786 1170 1851 eucharistiae
1193 1781 1265 1846 nihil
1288 1795 1341 1847 aut
1364 1795 1438 1846 certe
1469 1821 1470 1858 3

231 1900 333 1961 parum
346 1899 454 1953 corum,
472 1897 548 1958 quae
564 1877 650 1940 hodie
663 1875 808 1939 ecclcsiae
826 1879 1006 1940 consuetudo
1024 1874 1125 1956 recipit
1142 1894 1177 1936 ac
1194 1873 1306 1950 retinet,
1323 1871 1438 1954 legitur,

231 1969 337 2048 quippe
355 1968 431 2048 quod
449 1963 492 2025 illi
512 1965 607 2026 sancti
622 1964 753 2026 homiues
770 1963 978 2045 intelligerent,
995 1962 1168 2042 disciplinae
1182 1959 1362 2024 christianae
1378 1982 1438 2022 mo-

231 2057 299 2116 dum
317 2074 383 2116 esse
401 2053 504 2128 talem,
529 2053 579 2132 qui
596 2052 649 2114 Dei
668 2052 776 2114 cultum
793 2054 830 2114 ab
847 2053 975 2114 externis
992 2053 1028 2112 ad
1051 2049 1205 2126 interiora,
1229 2069 1388 2130 aeerpore
1404 2050 1438 2110 ml

231 2141 360 2204 animum
377 2158 536 2216 revocans,
560 2147 649 2201 totum
667 2139 698 2200 in
720 2159 791 2202 vera
806 2141 949 2203 aduersus
966 2140 1061 2202 Deum
1079 2137 1202 2220 pictate,
1225 2138 1370 2200 adversus
1387 2135 1437 2198 ho·
1470 2167 1471 2200 1

230 2229 324 2292 mines
340 2228 406 2306 liele,
421 2226 535 2310 justitia
551 2247 586 2288 ac
602 2229 762 2304 honestate,
779 2249 837 2289 uno
853 2228 953 2304 verbo,
970 2227 1001 2288 in
1019 2247 1131 2289 summa
1146 2246 1257 2287 murum
1273 2224 1438 2288 innocentia

232 2317 390 2380 constituit.
427 2315 464 2377 m
480 2313 585 2396 reliqui
601 2315 684 2392 ritas,
701 2336 759 2376 noo
777 2314 961 2378 necessitatis
978 2333 1077 2392 eausa,
1102 2315 1153 2376 sed
1170 2323 1288 2394 prepter
1304 2315 1437 2376 decorum

230 2404 405 2482 introducti,
429 2403 566 2466 diuturna
588 2413 616 2465 et
632 2402 719 2465 tacita
743 2405 857 2466 tandem
876 2402 1068 2484 usurpatione
1084 2399 1243 2464 confirmati
1262 2410 1353 2478 sunt3
1375 2422 1438 2462 con·

230 2497 344 2573 suetudo
366 2499 456 2569 euim,
481 2490 574 2572 iuquit
592 2490 726 2568 Seneca,
749 2494 829 2554 rebus
852 2491 937 2569 offert
959 2497 1161 2565 constantiores
1184 2509 1249 2550 cum
1272 2488 1357 2550 multi
1380 2488 1437 2550 sire

230 2581 315 2644 titulo
339 2579 489 2662 libertatisx
505 2577 699 2656 christianae,
723 2578 786 2640 sire
807 2579 908 2640 innata
932 2589 959 2640 et
982 2577 1125 2640 communi
1143 2579 1267 2658 quadam
1291 2575 1437 2640 hominum

230 2668 368 2744 vanitate,
386 2665 600 2746 simplicitatem
615 2665 704 2728 divini
719 2665 841 2729 instituti
857 2665 1034 2740 fastidiente,
1050 2664 1173 2746 abrepti,
1191 2675 1314 2728 mentem
1332 2668 1372 2726 ad
1388 2686 1437 2726 ex·

230 2755 403 2836 cogitandos
419 2755 508 2816 hosce
525 2755 597 2816 ritus
614 2753 794 2816 convertisse
810 2754 971 2818 uideantur.
1009 2755 1054 2816 Dc
1072 2774 1128 2834 quo
1146 2761 1328 2832 argumente,
1348 2752 1437 2832 inpri-

230 2843 285 2908 mis
302 2863 371 2906 vero
388 2845 423 2905 de
440 2841 573 2923 baptismi
591 2841 775 2930 simplicitate
791 2843 864 2905 scite
881 2841 983 2904 scribit
995 2841 1199 2904 Tertullianus
1216 2843 1268 2915 (dc
1282 2843 1365 2920 bapt.
1378 2841 1436 2918 2.):

230 2935 312 2996 Nati
327 2935 396 2995 odeo
412 2941 452 2992 est
468 2933 540 3014 pseud
556 2934 672 2994 obduret
694 2942 796 2994 morales
811 2933 967 3008 homiuum,
990 2951 1073 3011 qurum
1095 2933 1261 3008 simplicitas
1283 2931 1437 2991 dicineum

229 3043 358 3102 eperum
374 3041 445 3102 quoe
462 3026 491 3081 iu
506 3029 569 3082 ectu
587 3022 693 3082 uidetur
709 3030 735 3082 et
753 3019 971 3098 mopuiticentio,
989 3024 1103 3098 quaein
1118 3017 1214 3095 effectu
1231 3024 1437 3096 repromittitur,

229 3119 260 3171 ut
275 3113 319 3171 bic
333 3130 438 3190 quoque
455 3107 499 3188 (iu
512 3103 661 3188 baptismo)
678 3114 809 3188 qaueuiern
826 3117 906 3168 tantu
920 3109 1095 3186 simplicitate
1109 3112 1169 3166 sinc
1188 3125 1301 3185 pompe,
1316 3111 1437 3184 sincop-

229 3207 334 3278 parotu
348 3191 417 3258 ue'ee
435 3197 543 3274 oliqeeo,
567 3197 682 3276 denique
697 3201 758 3256 siue
773 3205 884 3272 sumptu
917 3196 996 3255 home
1011 3200 1041 3255 in
1057 3214 1159 3274 equom
1175 3195 1311 3254 «lamissus
1327 3203 1357 3254 et
1372 3199 1438 3252 iuter

229 3305 320 3364 peuce
335 3285 417 3344 cerba
433 3287 552 3357 linctus,
578 3303 633 3342 uon
651 3285 735 3342 multe
751 3284 793 3344 uel
816 3283 903 3342 nihile
918 3283 1046 3342 mundior
1061 3287 1195 3360 reeurpit,
1218 3302 1249 3342 ee
1273 3283 1438 3362 incredibilis

230 3377 388 3432 eestisrmtur
404 3375 564 3430 oetmuiles.
601 3375 742 3443 Mentior,
766 3375 794 3430 si
809 3388 864 3430 neu
880 3389 895 3430 e
910 3375 1050 3438 contrarie
1065 3370 1204 3430 idolerum
1225 3370 1378 3447 solenmiu,
1399 3367 1438 3429 ecl

229 3478 337 3520 orcouu
352 3459 384 3518 de
399 3465 527 3534 supposta
542 3467 568 3516 et
584 3466 725 3536 upperolu
742 3458 825 3537 deque
840 3468 950 3537 erumptu
972 3458 1055 3533 fidem
1069 3467 1094 3517 et
1112 3461 1304 3518 auctoritatem
1318 3458 1375 3518 sibi
1389 3475 1438 3516 es·

228 3546 362 3608 struunt..
381 3543 534 3606 Hactenus
553 3541 775 3621 Tertullianusp
793 3545 869 3626 quod
886 3544 972 3606 ctiam
987 3544 1095 3606 latetur
1112 3543 1228 3621 Strabo,
1245 3546 1305 3620 muto
1319 3545 1438 3605 celebre-

228 3640 330 3696 lieuem
348 3635 489 3711 predelim
506 3653 555 3712 pur
572 3643 722 3713 temporum
737 3643 885 3710 augmento
906 3639 936 3694 iu
959 3634 1051 3708 nasius
1066 3637 1216 3694 secreuisse
1240 3632 1290 3710 (de
1307 3633 1372 3693 reb.
1390 3651 1438 3692 cc-

228 3721 404 3784 clesiastiois
420 3719 501 3796 26.).
537 3717 610 3782 Mox
627 3740 661 3780 eo
678 3722 793 3780 tandem
811 3719 939 3784 exerevit
954 3719 1062 3781 rituum
1080 3739 1219 3780 uumerus
1235 3718 1306 3797 (ciel.
1325 3717 1437 3780 Bellor-

203 3807 205 3810 ’
228 3810 326 3872 minus
343 3811 379 3872 ale
398 3806 541 3890 baptismo
559 3828 623 3889 cap.
640 3806 793 3885 25-27.)
811 3817 960 3870 crescente
975 3805 1108 3888 inprimis
1124 3805 1205 3884 uulgi
1222 3807 1438 3886 superstitione,

228 3907 260 3958 ut
276 3918 331 3960 sua
348 3916 416 3958 sese
433 3895 617 3958 multitudiue
634 3897 852 3973 subverterent3
876 3894 927 3956 alii
950 3916 1034 3973 rere,
1060 3902 1090 3956 ot
1106 3893 1237 3956 oneribus
1254 3893 1437 3956 Christiano-

227 4005 290 4044 rum
308 3982 525 4062 ceurenieotes,
543 3990 657 4046 suasmet
673 4004 705 4046 se
721 3983 828 4063 pietate
847 3992 874 4044 et
890 3983 1016 4063 puritate
1034 3985 1278 4044 commendarent.
1308 3981 1355 4044 Ex
1373 3979 1438 4062 plu-

228 4069 310 4131 rimis
328 4068 438 4146 placuit
464 4091 554 4132 onum
574 4091 696 4152 eumque
712 4069 892 4132 laudandum
908 4073 1077 4152 depremere
1095 4080 1123 4134 et
1139 4069 1268 4133 examini
1284 4069 1438 4152 subjicere,

226 4178 262 4220 ac
279 4160 392 4218 tradere
407 4155 557 4218 historiam
575 4168 662 4238 atque
679 4157 811 4238 origines
828 4171 1041 4240 susceptorum.
1071 4192 1107 4206 -
1136 4159 1164 4243 ᾗ.
1181 4157 1211 4221 2.
1230 4157 1437 4238 Susceptorum

227 4244 467 4308 cousuetudinem
481 4237 640 4326 ἀναδοχών
655 4245 772 4309 nemine
786 4249 862 4328 apud
873 4245 1003 4310 Graecos
1015 4245 1046 4308 iu
1057 4247 1113 4310 hoc
1125 4255 1296 4326 argumento
1309 4264 1438 4308 commo·

229 4391 451 4405 ψ·-

294 4467 325 4538 *)
346 4465 424 4521 aroc.
444 4463 532 4520 vuou
553 4465 630 4520 aeas.
649 4469 676 4519 a.
