2942 4892
220 217 287 290 200
606 223 685 290 ΧΗ.
728 225 756 290 l.
772 223 832 288 hb.
847 221 885 288 F.
899 221 1048 288 Drescber
1072 171 1075 178 ι

221 393 533 478 ristiasuuteretur*).
552 433 596 446 ·-·
620 396 696 482 §.h
720 399 774 460 lle
796 406 969 480 tenpore
991 397 1127 460 horum
1151 394 1453 460 conviviorum.

221 485 269 548 llu
284 485 530 566 praevalentibus
546 484 713 566 intelligere
728 481 895 568 possumus,
912 486 1091 568 temporibus
1110 483 1269 547 crescentis
1288 481 1452 545 ecclesiae

221 587 338 654 agapas¹
352 593 417 654 cum
435 593 460 637 s.
485 595 578 637 coena
601 576 774 657 conjunctas
797 575 902 637 luisse.
941 575 1027 651 Quod
1052 594 1089 635 ex
1106 573 1193 635 Plinii
1217 571 1313 652 ipsius
1339 572 1450 633 uerbis

223 659 324 740 colligi
342 671 447 742 potest.
480 662 529 724 hit
545 661 621 723 enim
638 663 669 724 in
685 661 841 724 notissimo
854 660 907 723 illa
924 661 1049 744 epistola
1065 663 1101 722 ad
1119 661 1300 742 Trajnnum:
1339 659 1449 736 „Qui-

221 750 279 811 bus
295 749 422 830 peractis
438 768 546 811 murem
563 749 619 812 sibi
633 750 806 812 discedendi
825 749 919 812 luisse
935 769 1098 830 rursusque
1115 748 1236 810 coeundi
1256 749 1292 808 ad
1312 747 1448 828 capion·
1468 737 1469 794 Ὗ

223 839 290 898 dum
311 825 438 898 cihnm.“
477 837 564 915 Quod
584 839 718 919 quamvis
742 849 857 918 tempus
874 837 1033 900 coitionem
1052 857 1111 898 uon
1136 836 1208 896 satis
1226 845 1371 896 accurate
1392 837 1449 895 de-

138 923 141 928 *
223 923 372 1000 terminet,
398 922 472 984 illud
489 935 585 986 tamen
603 947 641 988 ex
658 926 723 1008 ejus
739 927 836 988 verbis
852 925 994 1006 sequitur,
1020 923 1205 987 Christianos
1222 923 1313 984 hasce
1335 921 1449 1002 epulas

223 1033 282 1074 non
300 1009 484 1098 anteculunis
500 1011 530 1072 in
549 1013 682 1075 coetibus
700 1033 832 1094 parasse,
857 1015 909 1074 sed
927 1033 1025 1075 earum
1045 1032 1136 1073 causa
1153 1010 1278 1072 coivisse
1295 1020 1381 1070 stato
1402 1011 1449 1069 die

223 1098 385 1179 etquidem
404 1101 668 1181 advesperascente
690 1101 784 1162 coelo.
824 1101 961 1163 Christus
985 1101 1051 1180 ipse
1075 1097 1240 1180 vespertino
1263 1109 1448 1178 tempores.

223 1206 345 1248 coenam
362 1183 504 1262 instituit,
529 1209 614 1268 quem
639 1187 827 1250 imitabantur
850 1199 963 1250 veteres
986 1187 1158 1250 Christiani.
1196 1186 1260 1247 Sub
1285 1205 1448 1265 vesperam

223 1275 382 1343 adornatas
399 1273 494 1336 luisse
510 1275 599 1336 hasce
616 1275 730 1356 epulas,
748 1295 784 1337 ex
802 1274 979 1338 Tertulliani
998 1275 1095 1338 uerbis
1112 1271 1297 1352 intelligitur,
1317 1275 1449 1334 traden-

225 1361 261 1424 tis
273 1360 337 1442 *⁸):
372 1362 442 1439 „ltu
460 1373 625 1437 esurantur,
645 1374 678 1424 ut
692 1362 741 1444 qui
760 1363 944 1426 meminerint
960 1362 1045 1425 etiam
1062 1384 1113 1442 per
1130 1371 1242 1422 noctem
1258 1363 1448 1428 adorandum

224 1449 282 1511 sibi
300 1449 394 1512 Deum
412 1454 512 1513 esse.“
549 1450 594 1512 lle
611 1471 709 1513 eorum
727 1458 834 1529 autem,
851 1451 899 1533 qui
918 1451 963 1512 his
981 1449 1124 1512 conuiuiis
1140 1448 1353 1524 interfuerunt,
1380 1448 1449 1510 dis·

226 1557 314 1600 cessu
340 1537 399 1600 ait:
431 1548 490 1615 „ut
513 1538 563 1620 qui
586 1559 643 1600 non
669 1549 726 1600 tam
752 1559 873 1618 coenam
902 1538 1088 1601 coenaverint
1111 1557 1196 1618 quam
1221 1535 1448 1616 disciplinam.“

225 1625 352 1688 Multum
369 1625 480 1688 coulert
496 1629 534 1688 ad
559 1626 614 1686 huo
638 1626 871 1706 perspiciendum
896 1624 1103 1688 loui'Socratis
1126 1623 1207 1704 (hist.
1225 1623 1296 1686 eccl.
1314 1619 1355 1701 5,
1381 1625 1447 1700 22.)

226 1712 412 1794 comparatio,
429 1713 478 1774 uhi
492 1713 609 1776 disertis
621 1714 720 1776 uerbis
732 1711 904 1792 affirmatur,
921 1733 1035 1796 agapas
1049 1733 1166 1793 semper
1181 1711 1330 1772 institutas
1346 1709 1448 1772 fuisse

226 1803 282 1862 sub
300 1821 461 1882 vesperam.
500 1801 548 1864 Ex
563 1801 629 1862 locu
645 1803 742 1864 Actor.
759 1799 811 1878 20,
829 1805 947 1862 7-11.
964 1800 1115 1876 discimus,
1132 1798 1255 1872 Paulum
1271 1799 1301 1859 in
1319 1798 1446 1859 Troade

225 1887 285 1969 jam
301 1887 378 1950 idem
396 1890 589 1966 observasse,
614 1889 664 1969 qui
682 1889 871 1968 congregatis
892 1892 928 1950 ad
945 1887 1139 1969 frangendum
1155 1907 1259 1968 panem
1276 1884 1446 1966 discipulis,
1469 1907 1470 1956 t

227 1976 351 2038 docebat
366 1995 587 2056 sermonemque
604 1978 640 2035 ud
658 1977 779 2037 mediam
798 1997 892 2057 usque
910 1988 1022 2038 noctem
1040 1977 1228 2056 producebat.
1260 1973 1447 2034 Procedente

228 2073 325 2124 autem
344 2069 473 2141 tempore
491 2061 615 2124 et'.cirua
634 2064 759 2124 medium
780 2064 840 2124 lere
865 2086 926 2126 seu.
944 2059 991 2141 22,
1013 2062 1135 2124 forsitan
1157 2068 1274 2143 propter
1297 2081 1446 2142 persecu-

228 2148 340 2226 tiones,
364 2147 471 2230 quibus
488 2152 693 2230 premebantur
709 2149 867 2212 Christiani
890 2150 1103 2232 agenlilibus,
1129 2141 1337 2212 eucharistiam
1354 2169 1446 2229 saepe

85 2291 89 2302 .
182 2233 190 2238 ’
227 2236 413 2305 antelucanis
432 2237 511 2300 horis
530 2235 743 2318 agebant***),
769 2259 823 2300 nee
842 2239 1020 2302 conueniens
1045 2240 1214 2312 videbatur,
1238 2248 1307 2298 tunc
1327 2255 1446 2317 agapas

227 2325 323 2406 sequi.
370 2323 554 2388 Christianos
580 2346 681 2388 reuera
702 2323 744 2386 'ob
771 2335 877 2388 anetum
903 2326 1119 2408 persecutionis
1144 2336 1286 2386 nocturno
1312 2334 1446 2404 tempore

229 2411 358 2476 coivisse
377 2413 464 2494 idque
481 2414 540 2496 jam
558 2412 719 2493 apostolico
737 2435 809 2475 aero
827 2414 935 2476 lactum
956 2435 1031 2493 esse,
1061 2413 1187 2493 legimus
1203 2414 1303 2472 Actor.
1323 2411 1374 2490 12,
1398 2415 1447 2472 12.

229 2499 304 2562 Mox
321 2521 396 2562 nova
412 2500 500 2564 totius
516 2501 559 2562 rei
577 2501 736 2564 immutatio
754 2503 867 2564 ridetur
882 2495 1051 2564 subsecuta.
1082 2502 1169 2578 Quod
1187 2499 1290 2561 saltem
1306 2499 1445 2560 lustinus

228 2585 364 2669 Manat)
390 2598 417 2649 et
440 2588 708 2666 Tertullianusffl
733 2589 888 2652 affirmant.
927 2591 1062 2668 Quonam
1089 2610 1156 2653 vero
1181 2587 1373 2648 hebdomadis
1401 2587 1446 2648 die

226 2674 302 2736 haec
319 2674 451 2738 conuiuia
469 2685 570 2756 parata
593 2675 720 2754 luerint,
743 2675 864 2738 facilius
889 2677 1026 2758 expedire
1051 2677 1128 2739 licet.
1168 2675 1251 2736 Stato
1269 2675 1316 2736 die
1334 2679 1373 2735 ad
1393 2695 1446 2736 ea·

231 2760 367 2842 piendum
384 2762 480 2824 cibum
499 2763 696 2844 promiscuum
713 2758 909 2826 et‘inuoxium
925 2765 1052 2826 coivisse
1070 2761 1273 2839 Christianos,
1298 2763 1385 2824 testis
1405 2773 1447 2824 est

121 2859 126 2870 '
229 2847 345 2912 Plinius
362 2870 416 2913 nec
432 2851 566 2913 dubitare
581 2871 760 2933 possumus,
788 2853 857 2934 quin
874 2863 926 2914 aut
942 2854 1095 2916 sabbatum
1113 2861 1164 2914 aut
1179 2849 1252 2912 solis
1272 2851 1338 2912 dies
1355 2849 1445 2911 intel-

230 2936 284 3016 ligi
302 2939 415 3002 debeat.
451 2939 580 3002 ludaeos
597 2940 644 3002 die
660 2939 775 3002 sabbati
793 2940 926 3003 conriria
943 2943 1120 3016 adornasse,
1143 2957 1233 3019 supra
1249 2937 1444 3000 ostendinus.

229 3023 315 3105 Apud
332 3023 515 3088 Christianos
532 3037 638 3104 autem,
655 3027 779 3089 maxime
796 3030 872 3108 apud
891 3049 952 3104 eos,
969 3027 1019 3109 qui
1037 3049 1073 3089 ex
1090 3026 1250 3106 gentilibus
1266 3025 1444 3105 religionem

231 3112 418 3176 christianum
436 3113 652 3194 profitebantur,
668 3115 743 3176 diem
761 3115 837 3176 solis
852 3115 958 3176 lustum
975 3114 1070 3176 luisse
1089 3124 1116 3175 et
1133 3113 1297 3199 solennem,
1315 3113 1444 3175 laetitiae

231 3210 259 3262 et
282 3200 419 3264 hilaritati
447 3201 638 3276 destinatum,
664 3213 787 3266 constat.
824 3201 933 3265 Nullus
958 3203 1043 3265 etiam
1063 3201 1252 3264 hebdomadis
1263 3201 1333 3280 ¹dies
1351 3201 1444 3280 magis

76 3313 82 3328 κ
172 3337 186 3359 ,
231 3287 409 3349 conveniens
431 3286 503 3364 luit,
528 3309 614 3368 quam
637 3289 681 3367 is,
707 3291 756 3370 qui
781 3311 798 3351 a
821 3289 1014 3362 solenomen
1038 3289 1135 3352 traxit.
1173 3288 1379 3351 Usitatashuc
1401 3291 1444 3350 die

230 3371 326 3436 luisse
343 3373 574 3445 Christianorum
592 3375 704 3456 epulas,
729 3379 918 3457 comprobant
933 3379 1067 3440 lustinus
1085 3375 1272 3453 Mart.†††),
1296 3375 1442 3439 Oeuume·

228 3459 301 3524 nius
318 3471 346 3523 et
362 3454 617 3545 Theophylaetus.
650 3463 722 3526 llies
739 3462 820 3526 solis
831 3465 895 3526 iden
914 3465 1084 3544 praesertim
1103 3463 1215 3526 electus
1235 3483 1303 3524 esse
1318 3464 1444 3543 ridetur,

123 3601 131 3610 ,
231 3549 301 3631 quia
316 3558 431 3614 veteres
449 3549 608 3614 Christiani
623 3550 653 3612 in
671 3552 896 3614 resurrectionis
911 3554 983 3616 lesu
1000 3551 1114 3617 Christi
1129 3551 1308 3631 memoriam,
1325 3573 1446 3614 sacrum

230 3647 260 3700 et
281 3637 432 3702 solennem
456 3639 536 3700 hune
562 3659 629 3702 esse
656 3637 822 3703 voluerunt.
868 3640 1070 3703 Grauissimus
1088 3641 1149 3702 hac
1173 3642 1209 3701 de
1234 3661 1265 3702 ru
1291 3640 1377 3703 testis
1403 3647 1447 3702 est

227 3781 456 3798 ὴ*-

299 3873 456 4006 :hilii
478 3878 584 4000 'hom'
599 3947 633 4004 ou

298 4009 356 4076 m)
376 3959 532 4068 herthllian:
551 3965 584 4068 the
603 3985 691 4068 coron.
705 4017 731 4069 3.
746 4019 778 4068 ed
787 4016 867 4070 Uxor.
877 4019 902 4070 l.
925 4016 963 4068 lle
981 4016 1042 4080 iupa
1061 4017 1086 4067 iu
1107 4018 1293 4083 persecreti.
1316 4018 1444 4071 Caecilius

229 4076 332 4198 §sulio
353 4081 420 4200 alpad
439 4081 535 4138 Minue.
555 4085 611 4138 Ful.
632 4087 658 4138 iu
677 4087 831 4141 bibliothec.
852 4085 922 4138 Patr.
941 4085 1015 4138 Tum.
1032 4085 1077 4138 lli.
1097 4101 1122 4153 p.
1135 4088 1196 4142 ult.
1216 4085 1270 4138 bit.
1291 4089 1321 4140 C.
1343 4089 1443 4142 Sonent„

248 4150 556 4288 ¹⁵²·,3⁰⁶,·„⁵p„²‚²·,·,
576 4221 643 4276 e..

299 4287 354 4349 ††l
373 4285 516 4339 Decerne.
533 4291 559 4341 3.
581 4292 677 4358 ptuu.
733 4319 737 4324 ·

232 4414 247 4436 ν
274 4353 373 4438 ,†††)
394 4355 539 4435 Apulum.
550 4359 636 4478 pub:
660 4359 702 4444 ij
715 4361 763 4444 eod
775 4354 853 4423 ἡλίου
871 4360 1006 4434 λεγομένῃ
1025 4355 1113 4433 ἡμέρᾳ
1129 4353 1246 4414 πάντων
1264 4359 1336 4416 κατὰ
1354 4357 1445 4423 πόλεις

231 4437 370 4494 pappum
389 4437 533 4494 peronen
564 4424 599 4478 nl
615 4423 645 4480 τὸ
667 4445 733 4482 ento
752 4429 907 4490 συνέλευσις
924 4433 1039 4501 γίνεται.
