2942 4892
341 277 378 340 de
395 283 524 343 aeterum
540 275 773 344 christiooomm
789 279 929 362 agapis·
1005 282 1011 292 '
1167 281 1248 354 ala,

2 455 79 520 ritis
98 473 266 537 agaparum
281 451 312 515 iu
329 451 525 525 celebratione
543 462 606 518 orta
624 453 780 533 invehitur,
799 475 844 536 ep.
861 475 889 524 v.
908 455 973 520 ta·
991 444 1122 538 Singula
1141 457 1228 522 etiam

2 547 135 607 lecreta
152 552 256 605 contro
273 562 326 606 eos
343 541 420 605 edita
435 550 519 622 sunt,
545 543 594 623 qni
614 561 727 625 agapas
744 553 961 606 contemnerent
978 555 1028 607 ant
1051 544 1231 610 dehonesta-

2 632 126 710 rent*).
164 631 289 694 Prata·
312 649 425 713 agapas
450 631 662 693 dehonestandi
688 631 927 693 consuetudinem
948 633 1107 713 Augustini
1133 632 1230 698 adhuc

2 719 198 802 temporibus
221 718 403 796 invaluisse,
431 717 496 779 lites
523 721 695 794 ostendunt,
727 739 801 800 quas
827 739 892 780 cum
917 719 1028 783 Fausto
1052 721 1230 784 Manichaeo

2 803 382 885 habuitdirimendas*').
421 807 499 868 ldem
523 815 636 884 narrat,
661 805 824 868 Mediolani
846 806 941 868 omni
957 807 1078 888 generis
1097 809 1231 874 convivia
1331 859 1333 868 .
1377 803 1381 811 ¹

2 893 193 958 in'ecclesiu
209 895 247 956 ab
263 893 420 956 Ambrosio
445 913 510 956 cnm
535 893 616 956 felici
641 913 788 956 successu
811 894 965 957 interdicta
988 895 1084 958 inisse
1105 896 1230 983 ipseque

2 982 204 1065 Augustinus
219 981 346 1044 forsitan
363 991 434 1058 orat,
451 981 500 1062 qni
508 981 668 1044 borellum
686 981 776 1064 episc.
790 981 1066 1062 Carthaginiensem
1083 988 1230 1062 monebat,

3 1085 39 1136 nt
67 1089 168 1134 canon
191 1069 297 1132 concil.
317 1069 456 1148 carthag.
472 1067 509 1146 3,
535 1072 587 1131 30.
612 1072 764 1146 ederetur,
790 1089 914 1150 sperans
930 1070 1011 1145 fore,
1037 1081 1069 1132 ut
1084 1071 1231 1135 Ambrosii

2 1157 151 1242 exemplo
174 1157 292 1239 penitus
317 1155 469 1219 tolleretur
491 1157 646 1220 licentiosa
668 1157 721 1219 illa
745 1157 1028 1238 cousuetudo***).-
1045 1152 1140 1237 Quum
1159 1171 1229 1222 'vcro

2 1243 217 1310 necessarium
241 1244 346 1318 luerit,
371 1255 404 1306 ut
420 1264 535 1326 agapae
551 1245 638 1326 plane
663 1245 848 1326 tollerentur,
875 1245 1007 1327 ejusdem
1024 1249 1060 1308 ad
1076 1247 1230 1310 Aurelium

2 1334 140 1419 epistola
158 1333 234 1395 satis
250 1353 398 1414 superque
414 1331 599 1410 declarat†).
626 1334 658 1394 ln
677 1331 775 1395 Gallia
792 1331 820 1392 hi
841 1342 999 1395 concentus
1017 1344 1136 1415 propter
1152 1337 1230 1397 alru-

2 1445 72 1502 sns,
100 1421 151 1504 qni
167 1421 356 1502 irrepserant,
376 1419 511 1500 prohibiti
529 1430 599 1483 sunt
615 1440 633 1481 a
651 1419 775 1482 concilio
792 1418 997 1481 Aurelianeusi
1015 1421 1053 1484 ll.
1065 1422 1132 1500 ††).
1169 1421 1229 1483 Se-

2 1512 78 1575 oolo
106 1509 203 1572 adhuc
229 1515 315 1571 sento
339 1507 467 1587 vestigia
496 1507 598 1569 harum
626 1507 782 1568 coitionum
809 1505 1076 1586 deprehenduntur.
1128 1508 1229 1588 Quare

2 1598 172 1663 concilium
193 1596 224 1658 in
242 1595 367 1674 'l’rnllo,
392 1597 568 1658 verbotenus
586 1589 741 1658 reservans
758 1593 864 1656 conch.
881 1593 1004 1670 Laudic.
1022 1603 1087 1657 cah.
1103 1595 1155 1656 28.
1174 1597 1229 1658 dc-

2 1699 135 1762 eretum,
155 1703 251 1766 pauca
268 1691 378 1746 tontum
396 1681 517 1746 addidit.
537 1717 576 1730 ·-
602 1681 804 1763 indulgentior
819 1680 913 1744 luisse
930 1681 1045 1744 videtur
1063 1681 1228 1762 Gregorius

2 1777 62 1854 M,
83 1773 135 1858 qui
153 1771 322 1854 hujusmodi
338 1791 451 1853 agapas
467 1772 498 1832 in
518 1770 710 1834 ecclesiarum
727 1767 908 1832 dedicatione
924 1767 1069 1831 celebrari
1085 1769 1227 1852 permisit,

2 1860 187 1947 praesertim
202 1859 324 1940 buglis,
343 1859 393 1940 qui
410 1862 448 1922 ad
464 1858 574 1922 Christi
590 1855 674 1920 fidem
693 1877 797 1920 recens
815 1857 949 1919 conversi
968 1871 1059 1920 crant.
1099 1853 1227 1920 clericis

3 1964 34 2015 et
59 1947 269 2014 sacerdotibus
294 1946 380 2010 etiam
405 1955 509 2028 postea
530 1945 715 2009 interdictum
741 1954 788 2008 est
809 1944 855 2006 his
880 1944 909 2005 in
936 1943 1077 2008 conviviis
1103 1964 1228 2010 accum-

5 2038 184 2119 bere†††).
221 2035 305 2113 Qn'os
323 2034 412 2115 genio
429 2032 608 2111 indulsisse,
633 2033 699 2118 quis
723 2031 891 2096 dubitabili
925 2032 1088 2097 Audiamus
1107 2032 1226 2115 Grego-
1267 2041 1268 2046 ’

3 2130 86 2192 rium
102 2125 285 2190 Nazianzen.
302 2121 402 2187 Carm.
422 2121 471 2186 tt).
489 2122 538 2204 qui
556 2122 613 2186 ita:

165 2261 244 2334 „Non
263 2261 365 2330 epulum
384 2260 471 2312 natale
490 2260 580 2314 adiens
599 2273 656 2312 com
674 2257 791 2326 pluribus
810 2264 856 2310 aut
874 2259 940 2326 quod

214 2329 360 2382 Funereum
379 2337 429 2394 eat,
447 2330 489 2382 vel
509 2329 576 2398 qnod
596 2327 752 2382 connubiale
771 2333 871 2394 petens.

164 2399 265 2452 Cuncta
282 2414 330 2464 ego
348 2399 442 2472 partim
462 2399 539 2450 dente
557 2411 669 2466 premam
689 2397 833 2464 partimque
851 2394 939 2462 rapaci

140 2471 146 2481 “
219 2469 363 2540 Servorum·
375 2468 468 2520 turbae
485 2467 630 2535 diripienda
646 2463 723 2516 dabo.

6 2633 234 2650 -α-ο-ι-οαῇ

77 2763 105 2830 *)
133 2761 232 2816 Coucil.
253 2759 396 2846 (languens.
423 2775 480 2813 can.
502 2759 544 2814 11.
572 2776 597 2828 p.
617 2759 677 2811 att.
717 2757 741 2809 el
759 2773 798 2816 τις
824 2747 1017 2824 καταφρονὸιη
1045 2751 1101 2805 τῶν
1125 2752 1156 2805 ἔκ
1181 2755 1227 2803 crt-

5 2849 92 2894 στεως
110 2826 226 2900 ἀγάπος
240 2845 407 2894 noscuntur,
427 2830 474 2881 καὶ
491 2825 538 2880 διὰ
551 2822 634 2897 τιμὴν
651 2826 700 2878 τοῦ
709 2827 816 2891 Κυρίου
829 2818 1045 2891 συγκαλούντων
1064 2818 1128 2878 τοὺς
1147 2817 1228 2872 ἀδελ-

6 2900 90 2970 φούς,
109 2902 158 2957 καὶ
174 2899 213 2968 μὴ
232 2899 323 2954 ἐθέλοι
340 2902 485 2953 κοινωνεῖν
502 2888 762 2962 consultassent
780 2889 811 2946 τὸ
832 2893 1002 2952 litorelitore
1020 2885 1050 2942 τὸ
1064 2881 1227 2957 γινόμενον,

6 2967 141 3034 ἀνάθεμα
160 2969 240 3028 ictu.
278 2967 565 3024 adt.cooc.1.aotto.
592 2981 683 3018 canon.
701 2964 746 3021 tt.
783 2962 965 3030 hujuscemodi
990 2961 1121 3011 decretum
1140 2965 1227 3012 exsut

7 3059 111 3163 poaque
132 3041 157 3162 ign
177 3057 250 3159 epac.
273 3038 396 3102 carthag.
414 3039 441 3122 3.
461 3053 521 3135 οιιιιἱ
540 3036 582 3088 68.
602 3034 719 3102 inscript.
744 3033 845 3116 Ι,,ιιερὶ
863 3030 911 3082 τοῦ
929 3025 1065 3112 μηιξομῶς
1082 3017 1227 3108 συμιιόσιιι

11 3111 291 3248 {utitittt‘tt
307 3107 501 3244 ἓῗὲἳῖἕέξθίἑ·
518 3101 941 3244 ..lithutttttt3²33.
954 3111 1040 3234 353
1057 3094 1228 3231 {iiiiii}
1267 3197 1279 3219 ,

9 3253 70 3310 νίας
94 3240 240 3312 διαβάντες
264 3245 323 3300 ἐκεῖ
347 3238 554 3310 καταλύσωσιν,
582 3242 629 3294 καὶ
655 3241 682 3292 ct
705 3240 768 3292 tuot
793 3237 825 3290 δὲ
847 3233 905 3290 ἀπὸ
931 3237 987 3288 τῶν
1005 3225 1228 3304 τοιουτοτρόπων

9 3319 186 3420 συμιὲοσίων,
207 3311 276 3437 ὅσον
294 3307 709 3436 ὅννοῦιίόνιέξτινόκωλυθῶσιν.
758 3377 764 3392 .
834 3378 840 3390 .
976 3375 992 3388 ..
1190 3372 1197 3386 ·

10 3388 123 3521 ebriant),
140 3385 545 3524 ‹loligodoaausrlobismllplprollali
554 3381 679 3518 lpoissirlit,
694 3377 859 3514 ’ilrltlrlnsloslll
871 3389 1017 3498 allieallilllnisn
1027 3381 1227 3494 ¹1lllllalllllllnslule

10 3528 33 3579 id
53 3526 165 3592 faciant,
182 3541 247 3578 sana
265 3524 383 3575 doctriua
402 3522 576 3576 condamnet?
606 3519 656 3570 Sed
678 3518 748 3570 aliud
766 3523 817 3582 est,
834 3515 902 3584 pund
921 3515 1051 3576 docemur,
1071 3508 1227 3574 aliud‘quod
1292 3565 1294 3574 χ

10 3597 182 3660 sustinemus,
213 3593 283 3646 atiud
302 3593 367 3660 qood
387 3590 538 3659 praecipere
556 3588 692 3654 jubemur,
712 3586 788 3656 uliud¹
804 3584 870 3652 quod
889 3581 1026 3634 emendare
1044 3577 1227 3648 praecipimur,
1344 3651 1347 3658 1

11 3673 36 3717 et
53 3666 136 3717 donec
153 3664 327 3727 emendemus,
346 3661 459 3712 tolerare
478 3655 688 3736 compellimur.“

76 3733 137 3800 aas)
156 3733 231 3800 epist.
252 3731 285 3783 ad
303 3723 392 3783 burel.
413 3730 456 3781 tt.

76 3801 111 3867 †)
129 3802 267 3866 Angustia.
288 3802 365 3868 epist.
386 3799 419 3850 ad
440 3796 530 3850 horal-
551 3796 594 3852 tt.
629 3792 719 3856 „llaec
731 3791 762 3843 si
781 3791 863 3858 primo
881 3787 970 3840 africo
990 3789 1105 3836 tentaret
1124 3781 1227 3836 auterre
1255 3783 1259 3789 ’

12 3889 26 3924 a
44 3873 157 3926 caeteris
175 3871 268 3934 terris,
288 3867 433 3922 imitatione
451 3866 530 3930 digno
548 3879 605 3916 esse
626 3863 749 3925 deheretg
769 3869 826 3916 cum
843 3872 906 3908 vero
927 3852 1019 3922 at'per
1035 3853 1128 3906 ltaliae
1146 3852 1228 3906 maxi·

13 3957 76 3994 mam
97 3947 199 4009 pontem
217 3947 244 3992 et
263 3939 288 3992 io
308 3938 368 3992 aliis
386 3935 503 3988 omnibus
522 3941 568 3986 aut
584 3948 664 4004 propo
682 3929 800 3982 omnibus
817 3923 997 3978 transmarinis
1016 3921 1152 3993 ecclesiis,
1169 3937 1228 3989 par·

13 4012 55 4062 tim
72 4011 131 4078 quia
151 4023 280 4076 nunquam
299 4006 370 4062 lucta
387 4011 456 4069 snut,
478 4003 571 4071 partim
590 4003 649 4070 quio
663 4006 720 4051 orta
738 3998 781 4048 vet
798 3997 945 4048 inveterato
960 3998 1108 4044 sanctorum
1125 3997 1152 4044 et
1166 4001 1227 4041 vere

13 4080 43 4130 ds
60 4081 115 4132 vito
135 4078 225 4130 lotura
251 4071 419 4142 cogitantium
447 4071 625 4140 episcoporum
649 4067 782 4132 diligentia
808 4070 836 4114 ct
861 4060 1084 4114 animadversione
1112 4059 1228 4110 extincta

10 4156 88 4216 atque
107 4148 194 4200 deleta
214 4151 289 4202 sont:
308 4145 455 4198 dubitamus
473 4140 598 4208 quomodo
616 4151 750 4207 possumus
771 4139 869 4185 tantam
890 4145 988 4184 morum
1006 4129 1092 4182 labem
1109 4128 1152 4179 vel
1170 4143 1228 4198 pro·

15 4220 95 4286 posito
114 4225 167 4270 tam
187 4216 242 4268 lato
262 4207 386 4280 exemplo
399 4210 569 4264 emendare.“

79 4288 133 4356 ††)
153 4285 218 4338 Coa.
231 4284 273 4340 l2.
295 4281 369 4334 Tom.
381 4279 425 4334 lV.
447 4278 545 4331 Concil.
568 4294 594 4348 p.
610 4275 686 4330 1781.
716 4271 776 4339 „Ne
797 4271 854 4339 quis
872 4267 1029 4321 in-ecclasia
1047 4273 1135 4318 votum
1154 4279 1227 4316 suum

16 4357 141 4409 cantando
160 4353 203 4406 vel
220 4352 332 4406 bibendo
358 4351 401 4403 vel
420 4347 580 4401 lasciviendo
601 4337 742 4408 dissoluat,
774 4341 834 4410 quta
852 4337 922 4392 Deos
938 4338 1035 4412 tatibus
1053 4335 1121 4388 votis
1140 4333 1228 4386 irrita·

16 4433 55 4480 tur
71 4426 159 4496 potius
175 4437 256 4545 poam
274 4422 424 4503 placatur.“
547 4463 549 4468 .

79 4495 154 4562 †††)
197 4485 562 4572 onctl.l.aeodrc.oan.127.
635 4557 641 4564 .
