2944 4890
295 233 301 244 ·
322 209 359 272 de
373 208 431 272 ritu
447 207 610 291 sepeliendi
626 207 755 278 mortuos
772 233 820 295 ap.
837 220 905 278 vett.
923 212 1120 304 Christiauoq.
1252 213 1322 278 :333

108 381 206 462 oneng.
219 382 284 464 25.)
301 393 472 462 auctorest,
491 407 597 450 ruerem
614 408 669 449 suo
686 398 814 470 ternpore
826 389 931 467 inisse,
947 399 980 451 ut
992 389 1126 450 homines
1140 389 1176 449 ad
1194 386 1323 449 morien-

109 480 172 548 tes,
200 492 275 552 quos
298 481 401 534 sancte
423 474 533 537 vixisse
559 476 778 553 existimarunt,
807 477 836 537 in
864 498 903 555 ag
906 499 960 540 oue
985 478 1114 558 positos,
1141 476 1324 538 cucurrerint

107 560 212 639 cisque
226 557 340 622 animas
355 581 427 623 suas
440 564 713 628 commendaverint.
741 525 940 646 „Stephanum
959 565 1079 668 (inquit)
1098 572 1207 645 patrem
1220 585 1322 625 moun-

108 647 191 709 slerii
209 647 351 710 Reatinae
371 650 496 710 urbis
470 671 562 712 atrurn
580 660 722 729 sanctum,
748 674 811 714 cum
830 655 893 714 dies
910 654 1009 715 mortis
1028 651 1128 732 egredi
1147 653 1182 712 de
1200 673 1322 730 corpore

107 748 239 815 urgeret,
258 739 563 813 couveneruutmulti,
590 749 695 800 uttam
714 752 835 802 sauctae
852 740 967 802 animae
986 733 1020 802 de
1040 742 1095 801 hoc
1113 741 1219 800 mundo
1237 759 1321 800 rece-

108 824 188 885 denti
208 842 279 885 suas
298 825 411 886 animas
430 829 697 888 commendarent.“
743 828 822 890 ldern
840 827 928 889 refert
947 831 1033 904 (loom.
1049 829 1115 902 37.)
1133 825 1237 888 solitos
1255 847 1322 888 esse

108 921 199 972 orare*
213 933 266 991 pro
285 912 333 989 iis,
361 912 411 994 qui
427 913 552 975 anirnarn
569 915 630 996 janu
648 927 779 995 agerent.
824 916 1015 992 „Monachus
1035 915 1150 996 quidam
1170 915 1237 992 (ait)
1255 935 1321 975 curu

108 1006 268 1062 extremum
289 1001 364 1062 diem
382 1008 503 1081 ageret,
528 1014 726 1064 convenerunt
744 1004 867 1080 fratrea,
892 1015 923 1064 ut
940 1022 1094 1083 egressura
1112 1001 1195 1062 illius
1211 1003 1321 1062 orando

107 1098 305 1168 protegerent.
340 1088 398 1165 Qui
416 1099 494 1150 tanto
511 1111 563 1169 pro
582 1110 616 1151 eo
634 1103 793 1171 coeperunt
810 1091 925 1152 enixius
942 1112 1037 1168 ornere,
1057 1102 1164 1171 quanto
1182 1111 1247 1151 eum
1260 1089 1322 1170 jam

106 1174 247 1238 videbant
262 1179 317 1238 sub
334 1175 483 1238 celeritate
501 1179 683 1239 diseedere.“
711 1179 852 1259 Episcopi
870 1180 955 1239 ctiam
969 1186 996 1239 et
1012 1177 1173 1259 presbyteri
1188 1175 1323 1239 solebant

106 1274 296 1337 aegrotantes
322 1262 458 1336 visitare,
489 1277 521 1326 ut
546 1265 656 1346 passiru
683 1287 720 1328 ex
745 1267 872 1348 antiquis
900 1265 1029 1327 historiis
1054 1273 1176 1326 constat.
1217 1265 1323 1325 Tradit

106 1350 336 1431 Metaphrastes,
354 1351 494 1414 loannem
512 1353 775 1435 eleemosynarium
791 1353 958 1434 episcopum
971 1352 1200 1414 Alexandrinum
1214 1373 1322 1431 rnrrgna
1407 1395 1409 1404 .

107 1460 180 1500 cura
206 1441 242 1500 ad
267 1453 404 1518 aegrotos
428 1440 594 1502 accessisse
613 1461 649 1502 ao
667 1463 756 1521 saepe
775 1443 877 1502 ocutos
896 1441 1078 1502 morientium
1102 1439 1165 1500 suis
1186 1440 1320 1500 manibus

107 1525 266 1588 clausisse.
302 1525 380 1603 Quid
411 1549 480 1588 vero
504 1539 657 1608 praeterea
680 1532 756 1609 apud
777 1539 916 1607 aegrotos
937 1531 1105 1590 sacerdotes
1130 1527 1259 1606 egerint,
1284 1547 1321 1588 ex

107 1615 213 1676 iisdem
247 1614 442 1676 monumentis
474 1615 660 1694 intelligitur.
710 1617 755 1678 De
787 1619 921 1677 Adunato
955 1615 1005 1696 (iu
1036 1621 1120 1694 pestis
1152 1621 1321 1676 Metanoinm

106 1710 309 1782 episcoporum)
326 1701 476 1778 scribitur,
497 1706 573 1784 quod
592 1707 741 1765 adstantes
760 1704 838 1765 circa
858 1704 964 1765 lectum
983 1703 1047 1784 ejus
1066 1701 1220 1782 evangelia
1236 1703 1321 1781 lege-

107 1785 166 1852 rint
190 1798 218 1851 et
243 1787 373 1870 psalmos
398 1791 577 1872 hymnosque
603 1791 772 1854 cecinerint.
804 1792 891 1870 Apud
910 1794 1107 1852 ΑιιιΙοιιιιιιιιιιι
1130 1810 1198 1851 vcro
1219 1809 1321 1870 preces

103 1879 240 1940 iecerunt
256 1881 293 1938 ad
310 1879 415 1953 Deum,
431 1878 537 1960 quibus
553 1879 679 1941 animam
695 1879 876 1958 aegrotantis
894 1879 957 1940 Deo
974 1880 1214 1944 eornrnendarunt
1232 1875 1321 1955 (Viu-

105 1966 221 2028 centius
245 1963 414 2041 23‚108.).
458 1967 511 2027 Sic
543 1988 660 2048 quoqne
686 1967 889 2028 confessiones
920 1967 1068 2027 interdum·
1088 1965 1259 2044 flagitarunt
1284 1967 1320 2026 ab

43 2128 45 2133 ¹
104 2053 237 2128 aegrotis
254 2051 373 2133 illisque
392 2053 587 2114 eucharistiae
603 2067 817 2116 sacramentum
835 2051 1040 2126 exhibuerunt,
1057 2063 1089 2113 ut
1103 2053 1179 2113 idem
1192 2053 1321 2115 Vincen-

105 2143 166 2204 tius
184 2138 238 2214 23,
256 2142 308 2202 95.
326 2141 412 2201 tradit
436 2143 472 2202 de
488 2141 658 2204 Philiberto.
693 2143 730 2204 Et
746 2144 774 2202 in
799 2149 883 2222 pestis
901 2149 1067 2204 Meteurium
1085 2152 1179 2202 exstat
1195 2139 1322 2202 lornrula

104 2227 320 2302 consessionis,
350 2248 435 2307 quarn
454 2227 575 2291 duratus
597 2241 664 2292 ante
688 2250 812 2308 ugonem
838 2229 978 2291 recitasse
997 2228 1116 2304 dicitur,
1140 2228 1187 2290 his
1206 2229 1320 2289 verbis:

102 2318 256 2394 „limatus
283 2325 438 2394 antequam
463 2316 587 2380 terimam
613 2317 781 2394 exhalaret,
810 2317 899 2397 jussit
922 2317 978 2378 sibi
1006 2313 1139 2395 praelegi
1168 2315 1320 2394 epistolam

102 2425 200 2485 papae
218 2402 328 2463 Leonis
346 2405 381 2463 ad
399 2402 628 2478 Flavianarum
646 2425 703 2484 qua
721 2404 791 2464 fides
808 2403 951 2464 catholica
969 2403 1142 2464 continetur.
1171 2402 1215 2462 Ea
1233 2423 1321 2480 prae·

103 2493 181 2554 lecta
204 2490 293 2552 dixit:
323 2488 375 2551 Sic
394 2494 492 2554 credo.
524 2491 656 2552 Trinitas
674 2491 851 2552 ineffabilis:
877 2491 921 2552 sic
942 2488 1090 2552 confiteor.
1123 2490 1205 2550 Dens
1225 2489 1321 2550 orrrni-

107 2591 227 2660 potens:
252 2577 292 2640 ita
311 2579 347 2640 de
372 2588 399 2639 te
417 2578 521 2640 sentio.
553 2577 611 2640 Fili
631 2578 685 2639 Dei
709 2579 779 2640 lesu
799 2578 930 2656 Christe,
958 2578 1005 2660 qui
1030 2599 1082 2659 pro
1107 2585 1206 2639 nostra
1225 2577 1320 2640 salute

106 2667 248 2748 dignatus
266 2687 298 2727 es
317 2666 416 2727 venire
434 2665 464 2726 in
481 2667 559 2726 hunc
576 2667 732 2730 muudum:
759 2666 802 2726 sie
820 2668 856 2728 de
873 2678 899 2727 te
917 2665 1062 2746 intelligo.
1096 2667 1178 2728 Deus
1202 2678 1334 2728 aeterne*

104 2755 236 2836 Spiritus
260 2763 377 2829 sancte,
401 2774 489 2814 unum
507 2755 599 2814 Deum
618 2755 647 2813 in
667 2753 793 2816 trinitate
811 2753 975 2834 trinumque
994 2753 1024 2812 iu
1043 2753 1153 2814 unitate
1171 2752 1320 2814 confiteor.

104 2845 149 2905 lta
167 2845 288 2905 edoctus
312 2843 347 2911 de
373 2851 422 2903 tna
440 2841 533 2902 sentio
550 2841 751 2902 incarnatione
771 2841 904 2921 piissime
922 2841 1054 2916 Christe,
1074 2842 1150 2919 qnod
1168 2843 1323 2918 adsumpta

105 2951 197 2993 carne
224 2931 282 2991 sint
310 2931 386 2990 duae
409 2940 530 3006 uenturae
554 2929 653 2992 unitae
669 2930 708 2989 ‘iu
733 2951 819 2990 unam
844 2931 1031 3008 personam.“
1062 2927 1232 2988 Lndonicus
1251 2927 1322 2990 Pius

103 3020 175 3099 imp.
194 3017 331 3094 moriens,
353 3015 516 3097 Diogenem
537 3019 707 3098 episcopum
724 3016 887 3084 Metensem
905 3013 1061 3077 acccersicit
1078 3026 1106 3075 et
1122 3016 1158 3075 ab
1177 3036 1210 3076 ec
1228 3016 1321 3077 bene-

105 3106 263 3168 dictionem
289 3103 370 3184 petiit
402 3102 728 3207 (Anuoqius5,19.).
773 3103 935 3165 Morieutes
969 3112 1170 3164 testamentum
1198 3107 1322 3165 condere

104 3194 245 3256 solebant
261 3206 288 3254 ct
304 3191 414 3271 aliquid
432 3214 469 3254 ex
485 3193 549 3254 suis
566 3192 758 3254 facultatibus
776 3191 920 3254 ecclesiae
937 3191 1112 3271 relinquere,
1135 3193 1212 3270 quod
1232 3203 1322 3252 testa-

105 3293 155 3344 tur
174 3282 207 3344 S
228 3278 393 3357 Gregorius
411 3283 504 3358 (epist.
519 3276 550 3354 8,
567 3281 630 3353 6.).
601 3280 834 3357 ),‚Quendam
854 3287 1019 3342 testatorem
1037 3281 1111 3340 duas
1129 3277 1233 3340 unicas
1251 3287 1323 3375 sub-

106 3369 233 3476 stantiae
252 3387 324 3428 suere
341 3365 458 3428 ecclesi
452 3388 487 3428 ae
506 3367 538 3428 S.
557 3367 693 3448 Gregorii
714 3368 840 3448 legasse,
861 3367 910 3430 ιιΙιί
928 3366 1046 3448 sepeliri
1064 3366 1186 3428 voluit.“

155 3457 269 3535 Cap.
295 3454 333 3516 ll.
369 3455 421 3516 De
450 3474 616 3535 corpore
646 3466 805 3518 rnortuo
839 3456 960 3520 Veteres
984 3454 1143 3518 Christiani
1168 3453 1323 3527 hominem,

104 3554 139 3608 ut
159 3543 282 3624 primurn
300 3551 432 3604 mortuus
450 3554 537 3619 esset,
557 3543 705 3621 lavabant,
726 3543 789 3607 Act.
807 3540 837 3621 9,
855 3546 923 3608 37.;
948 3544 1051 3621 „Curre
1069 3541 1323 3604 tabithamltor-

105 3634 209 3695 eadem
235 3639 377 3692 mortuam
404 3593 570 3708 lavassent,
603 3631 667 3710 ejus
694 3652 800 3710 corpus
824 3631 855 3691 in
882 3632 1041 3692 coenaculo
1066 3633 1257 3710 posueruut.“
1289 3631 1323 3691 lu

103 3725 225 3784 historic
251 3721 284 3779 de
310 3721 467 3796 pestilentia
495 3721 691 3780 Alencndriao
723 3717 886 3798 Dionysius
916 3719 1072 3798 episcopus
1104 3719 1155 3778 ad
1167 3716 1324 3804 Hieracem

105 3807 212 3871 scribit
229 3807 265 3867 de
282 3801 515 3868 Christianorum
536 3804 706 3866 iuuenibus:
733 3805 934 3882 „Sanctorum
953 3825 1075 3886 corpora
1094 3803 1208 3883 supinis
1229 3805 1325 3866 mani-

103 3898 163 3957 bus
182 3913 218 3955 ac
236 3893 305 3956 siun
323 3902 510 3995 exceperuqt,
537 3893 640 3954 oculos
661 3895 878 3972 depresserunt,
903 3914 954 3954 ora
971 3893 1142 3954 clauserunt
1160 3885 1323 3971 unanimes,

105 3993 134 4046 et
163 3981 274 4062 pariter
298 3979 404 4042 adlecti
433 3981 555 4042 strictior
575 3978 719 4060 complexi
750 3987 844 4056 sunt,
867 3977 1003 4042 lavarunt
1030 3989 1058 4042 ct
1084 3982 1119 4042 ad
1145 3981 1324 4062 sepulturam

106 4071 281 4146 ornarunt,“
299 4067 451 4131 Eusebius
479 4068 561 4149 (hist.
580 4066 653 4131 eccl.
669 4069 794 4146 7,122.).
840 4067 898 4128 Hic
917 4089 987 4130 usus
1005 4079 1197 4130 mortuorum
1202 4088 1323 4148 corpore

104 4168 175 4222 ante
191 4155 388 4218 humationem
405 4155 521 4218 lavandi
540 4159 689 4238 usquead
709 4166 810 4216 nostra
828 4163 958 4236 temqora
976 4157 1143 4236 permansit.
1178 4158 1210 4218 ln
1229 4154 1324 4218 Guliis
1430 4162 1435 4174 ’

104 4267 173 4310 eum
191 4265 300 4306 morem
318 4244 411 4306 fuisse
428 4243 518 4306 refert
534 4243 567 4306 S.
586 4242 749 4324 Gregorius
765 4243 954 4322 Turonensis
971 4244 1000 4305 in
1017 4248 1087 4308 libro
1105 4248 1137 4307 do
1151 4248 1241 4324 pieria
1257 4264 1325 4304 cou-

104 4339 246 4414 feesorum
263 4355 287 4394 o.
304 4334 387 4409 toa,
405 4331 475 4394 item
493 4331 524 4392 in
542 4338 608 4394 citis
623 4341 737 4412 potrum
755 4353 779 4394 c.
797 4332 868 4394 110.

174 4419 342 4504 ‘caput
379 4420 432 4483 De
472 4419 731 4508 expositione
773 4417 952 4503 corporis
991 4414 1325 4483 mortui'Cadavcr
