2944 4890
70 225 76 232 .
156 183 229 272 ,μ’
324 153 327 160 ’
524 184 616 254 ΜΝ.
648 184 821 270 Onuphriue
836 183 1030 264 Pernicies,

58 393 65 406 ι
158 366 249 428 lotnrn
274 369 303 425 et
320 369 476 444 perpetuen
493 361 524 426 in
549 361 718 429 coenaculis
742 370 772 426 et
800 364 903 426 donus
932 358 1052 442 publice
1075 365 1157 441 perte
1174 360 1375 440 sponsione,

157 453 222 516 Act.
240 448 271 528 ⁹,
288 453 340 516 37.
372 450 518 514 Tabitleae
536 451 680 514 Dorcadis
706 460 835 514 mortuae
854 448 1069 531 corpusletum
1088 448 1119 512 in
1134 445 1297 514 coenaculo
1320 467 1375 510 ex-

158 548 328 624 pesuerunt
363 539 479 618 Corpus
497 540 597 604 Caroli
615 541 659 602 Μ.
676 561 756 602 mere
782 537 917 602 sollemni
935 535 1027 600 letum
1047 543 1224 602 cineratum
1243 535 1375 612 maximo

157 629 245 692 totins
263 625 363 709 pepuli
379 625 488 688 luctu
480 649 511 689 ιιι
529 627 657 690 ecclesia
672 625 909 709 Aquisgraneusi
927 624 1090 706 expositum
1106 635 1135 686 et
1150 621 1300 705 sepulture
1321 635 1376 688 eet.

158 715 363 778 Tertullianus
387 717 447 795 (tre.
465 717 497 777 de
512 719 624 796 neimo)
649 726 827 791 auctorest,
850 725 979 778 mortuos
999 711 1139 796 erutione
1152 712 1375 796 apreslrytsris

53 847 60 858 -
158 803 301 886 componi
307 802 506 865 consuevisse.
539 804 572 864 le
588 803 713 865 coecilia
730 763 946 865 Antisidercnsi
962 820 1027 864 cen.
1043 800 1093 864 12.
1110 801 1258 864 decretum
1275 802 1375 882 qued·

158 895 223 954 darn
248 902 359 968 exstet,
385 911 421 952 ee
442 889 575 953 mortuis
589 889 766 953 eucharistia
789 901 839 954 ant
860 889 991 954 osculum
1011 891 1145 964 deretur,
1172 909 1209 953 ce
1229 886 1296 954 velo
1323 897 1376 952 aut

157 978 256 1063 palliis
276 999 399 1059 corpora
419 999 519 1040 eorum
539 978 764 1042 inveherentur.

245 1063 318 1146 Cap.
337 1065 385 1130 lV.
419 1067 471 1127 De
499 1057 661 1156 planctu
689 1077 725 1128 et
748 1073 832 1127 atre
856 1074 977 1128 veste.
1011 1062 1159 1142 Planctus,
1178 1061 1326 1145 lacrymas
1347 1071 1375 1126 et

157 1151 381 1217 lamentationes
412 1173 502 1234 snper
529 1166 659 1216 mertuos
690 1154 830 1255 antipuos
847 1151 1031 1216 Christianos
1056 1150 1184 1230 fecisse,
1218 1151 1302 1215 testie
1330 1160 1374 1216 nst

157 1243 258 1304 Lucas
282 1241 347 1302 eet.
362 1237 393 1314 8,
411 1242 441 1303 2.
475 1240 726 1318 „Curavernnt,“
750 1241 861 1322 inquit,
893 1287 911 1318 „
923 1237 1150 1320 Stephanum
1123 1237 1177 1301 vrri
1198 1238 1327 1306 timorati
1347 1248 1374 1303 et

155 1329 291 1392 fecerunt
312 1328 460 1410 planetum
480 1349 618 1408 magnum
636 1351 726 1409 super
745 1333 841 1391 enee.“
872 1329 1025 1391 Plorantes
1044 1347 1113 1389 vere
1132 1347 1221 1406 snper
1241 1337 1372 1402 tunctune

96 1417 99 1435 '
156 1412 1187 1500 speresurrectionisconsolaturPaelesl.adThesl,13--1le.
1222 1413 1372 1495 Origenes
1453 1455 1454 1470 ι

157 1513 349 1587 (commentor.
369 1513 399 1566 in
415 1507 516 1567 debono
537 1507 581 1586 3.)
601 1505 841 1567 consuetudieem
866 1525 956 1585 snper
975 1510 1103 1566 morines
1125 1502 1248 1582 lugendi
1272 1501 1372 1566 fnisse

156 1594 256 1655 relect.
288 1593 452 1672 „antns,“
471 1592 575 1674 inquit,
592 1593 717 1672 „mortni
735 1593 766 1654 lit
782 1585 893 1674 septeno
911 1590 1015 1653 dieirns
1032 1601 1060 1651 et
1074 1602 1185 1670 septem
1199 1590 1372 1654 nauibus.“

158 1681 324 1762 Cyprianus
354 1680 385 1741 in
410 1703 492 1742 eorm.
519 1684 553 1742 dc
575 1685 745 1744 nnnettteto
771 1680 946 1742 mentionem
977 1677 1048 1740 iacit
1074 1677 1129 1740 atri
1155 1677 1199 1740 vel
1229 1676 1370 1758 lugubris

157 1769 295 1846 arrietes,
321 1768 371 1829 ulei
396 1767 502 1830 iratres
522 1767 676 1831 deienetes
702 1769 798 1849 lugeri
819 1780 868 1830 ant
892 1765 993 1849 plangi
1018 1765 1135 1830 omnine
1153 1765 1289 1846 prohihet
1309 1765 1371 1830 sie:

157 1856 278 1937 „Nobis
298 1875 388 1937 saepe
406 1856 565 1918 revelatum
584 1867 638 1936 est,
656 1857 764 1918 iratres
782 1867 898 1919 nostros
923 1875 981 1916 non
1000 1873 1067 1918 csse
1085 1853 1241 1933 lugendos,
1265 1873 1369 1918 uccer-

158 1944 242 2004 sieue
259 1945 406 2004 dominica
426 1939 461 2005 de
479 1943 598 2005 saecule
617 1944 773 2022 liberatos,
794 1966 859 2006 cene
877 1943 1023 2016 sciaenae,
1043 1962 1102 2014 eon
1118 1961 1171 2002 ees
1186 1940 1298 2019 amitti,
1314 1942 1368 2006 sall

157 2029 311 2111 praemitti,
329 2033 499 2092 recedentes
517 2033 702 2111 praecedere,
719 2043 751 2093 ut
767 2030 986 2112 proficiscentes
1004 2028 1165 2092 desiderari
1184 2049 1235 2092 ees
1252 2031 1369 2104 dehere,

138 2117 215 2179 'nou
235 2117 356 2196 plangi:
388 2137 483 2198 neque
507 2118 696 2197 accipiendas
723 2139 790 2181 esse
814 2119 862 2181 hic
885 2129 963 2181 atras
980 2127 1093 2195 vestes,
1113 2119 1235 2198 quande
1259 2115 1306 2178 illi
1326 2115 1368 2178 iet

153 2205 324 2266 indumenta
342 2203 410 2266 aliea
429 2205 489 2286 jere
508 2205 683 2281 sumserint,
702 2207 888 2270 occasionem
905 2207 1030 2268 eaodem
1054 2226 1113 2266 nou
1133 2224 1201 2270 csse
1217 2204 1368 2284 gentibus,

155 2307 188 2354 ut
206 2311 261 2353 nes
279 2291 382 2354 reerito
398 2313 433 2354 ac
450 2293 516 2375 J'nre
534 2293 756 2374 reprehendent,
775 2297 863 2375 qued,
881 2315 955 2376 ques
972 2293 1069 2355 vivere
1083 2294 1163 2374 apud
1180 2293 1275 2357 neon
1293 2290 1367 2358 diei-

156 2401 230 2458 runs‚
248 2390 279 2442 ut
294 2382 453 2442 exstinctos
472 2394 500 2444 et
517 2383 643 2462 perditos
660 2381 848 2463 lugeamus.“
893 2383 926 2442 ln
943 2380 1026 2444 lectu
1042 2385 1183 2461 quosdam
1200 2381 1367 2461 peculiares

153 2477 259 2547 gestes
282 2467 488 2531 adhibuerunt.
523 2469 562 2530 Et
585 2480 683 2550 aperte
703 2470 771 2532 dicit
788 2471 833 2532 le.
851 2470 1096 2552 chrysostomus,
1123 2488 1176 2531 eos
1195 2481 1366 2532 cruentasse

155 2555 290 2630 brachia,
310 2555 433 2634 capillos
451 2556 584 2634 scidisse,
602 2555 733 2620 leniassc
749 2579 859 2638 genes,
881 2557 1001 2619 brachie
1021 2559 1150 2618 nudasse
1169 2565 1197 2618 et
1220 2556 1318 2636 nigris
1334 2575 1367 2621 se

135 2641 288 2704 'vestibus
307 2641 456 2724 amisisse.
488 2645 572 2722 Quae
597 2645 693 2706 omnia
716 2645 901 2726 reprehendit
920 2645 1017 2726 aitque
1036 2666 1068 2707 sc
1087 2644 1204 2726 quiden
1221 2665 1279 2706 een
1294 2665 1366 2725 pre·

151 2730 255 2791 hilvere
286 2741 414 2792 mentones
445 2730 567 2810 lugere,
601 2735 652 2794 sed
677 2732 860 2813 impudenter
884 2733 987 2814 legere
1013 2752 1068 2794 nec
1092 2732 1255 2812 lacrymare
1274 2740 1367 2811 super

155 2817 341 2899 deiuecnnen,
364 2819 392 2880 id
416 2818 639 2900 irnprelreadurn
666 2842 730 2882 esse
757 2825 842 2901 (hene.
856 2823 911 2883 261.
936 2828 964 2883 in
984 2843 1046 2900 cop.
1069 2823 1118 2882 11.
1140 2826 1224 2882 deco.
1250 2819 1319 2882 item
1336 2819 1366 2882 iu

154 2909 294 2968 exhortet.
319 2909 417 2968 moeni.
438 2930 519 2970 cerno.
538 2911 567 2970 3.
591 2915 622 2970 ie
644 2931 687 2988 ep.
706 2912 744 2970 nd
764 2913 938 2990 Philippeos.
964 2931 1026 2988 cap.
1043 2904 1098 2989 2.).
1130 2907 1168 2968 Et
1189 2911 1265 2971 een.
1280 2911 1314 2969 4.
1336 2913 1367 2972 itt

150 3015 218 3073 orep.
232 2997 262 3055 2.
279 3001 321 3074 ep.
338 2997 376 3055 nd
387 2997 444 3054 He
447 3017 469 3056 r
484 2995 672 3076 reprehendit
687 3018 793 3058 evorenr
797 2997 871 3076 ,qui
889 3008 1016 3076 ternpore
1032 2993 1272 3070 sueineleverat,
1289 2996 1367 3075 quoti

148 3079 269 3161 eliqnes
293 3079 432 3144 mulieres
451 3082 586 3163 lugentes
606 3086 802 3146 conducerent
818 3085 1002 3166 minaturque
1021 3103 1053 3145 se
1071 3083 1213 3164 ejusmodi
1226 3083 1365 3146 hemines

156 3168 281 3232 eeclesia
296 3169 467 3252 ejecturum.
501 3171 532 3231 in
546 3169 677 3233 Galliis
669 3193 699 3232 ιιι
717 3179 896 3236 mertuorum
912 3170 1067 3234 funeribus
1085 3181 1192 3234 vestem
1211 3169 1366 3252 iugcerm

154 3256 235 3319 vires
252 3267 280 3318 et
292 3257 431 3319 mulieres
448 3258 661 3338 adsumpsisse,
676 3259 766 3322 refert
780 3259 944 3338 Gregorius
957 3239 1144 3320 Turonensis
1161 3261 1237 3340 (hist.
1254 3256 1284 3337 5,
1302 3261 1366 3337 34.)

154 3343 371 3432 Metaphrastes
388 3344 493 3408 funera
516 3347 663 3409 hominurn
690 3369 754 3408 cuer
780 3347 933 3410 multorum
952 3346 1176 3423 lamentatione,
1202 3308 1317 3428 ejehitve
1337 3354 1367 3408 et

156 3424 275 3512 planctu
294 3435 418 3494 deducte
430 3433 529 3496 inisse
546 3436 643 3497 tradit.
676 3432 821 3496 Αὶιιιίιιιιι
839 3435 884 3513 (in
900 3438 1072 3497 ecclesiastic.
1088 3457 1150 3515 cop.
1164 3394 1274 3514 ihr),
1278 3435 1366 3509 ,Cnrn

151 3519 240 3582 hereo
259 3520 420 3584 dissolutus
438 3521 538 3600 feerit,
565 3533 633 3584 teec
655 3531 819 3584 revertetur
836 3522 867 3584 in
893 3534 1017 3602 terram
1013 3543 1101 3584 suam
1124 3524 1164 3583 ad
1186 3521 1365 3603 sepulcrum,

155 3607 287 3690 exequiis
312 3607 364 3670 rite
381 3609 536 3672 celebratis
553 3619 582 3672 et
597 3609 695 3688 linitis,
716 3600 948 3692 plangentium
938 3633 969 3672 ιιι
986 3609 1125 3691 platee'
1101 3630 1180 3672 cruca
1195 3607 1365 3690 sepulerum

155 3697 239 3758 turba
256 3699 460 3777 praecedente.
463 3701 482 3732 “

243 3785 315 3865 Cap.
332 3787 366 3851 V.
396 3785 544 3848 Deritu
565 3783 764 3847 efferendi
785 3795 986 3848 mortuum.
1019 3785 1364 3848 Mortuosexdonoel

154 3869 333 3958 sepulturam
357 3875 394 3935 ad
417 3895 483 3935 enm
502 3893 586 3935 usum
612 3873 772 3955 antiquitus
792 3873 968 3954 adscripti
956 3893 1081 3956 Juvenee
1099 3869 1269 3936 offendet
1302 3873 1365 3936 aot.

153 3955 183 4035 5,
199 3951 319 4020 9-10,
337 3961 378 4022 ait
394 3962 498 4024 Petrus
517 3959 729 4063 Sapphiree.⁸
734 3961 829 4038 ,Eece
848 3965 938 4043 pedes
955 3983 1075 4038 eorum,
1101 3983 1149 4042 qne
1142 3959 1364 4041 sepellierunt

57 4052 60 4062 '
153 4044 247 4108 virum
266 4053 345 4108 tuere
363 4048 522 4126 Ananiam,
545 4051 584 4112 ad
609 4044 715 4111 estium
735 4060 762 4111 et
781 4049 902 4112 efferent
919 4061 957 4114 te
990 4049 1154 4113 Confestim
1174 4047 1281 4110 cecidet
1296 4058 1363 4112 aule

153 4135 244 4214 pedes
268 4133 333 4214 ejus
351 4145 378 4196 et
395 4137 568 4217 exspiravit.
601 4137 772 4200 lntrentes
759 4159 884 4220 Juvenes
901 4139 1076 4200 invenerunt
1093 4135 1270 4218 ¹Sapphieaue
1287 4157 1365 4198 rner-

154 4231 231 4283 tnam
264 4237 292 4283 et
311 4222 495 4302 sepelierunt
518 4246 581 4286 earn
606 4227 644 4285 ad
669 4225 762 4288 virum
782 4229 906 4289 :sonm.‘⁴
941 4224 1158 4288 Posterierilrus
1187 4223 1365 4306 tempanihns

154 4307 259 4370 summi
276 4307 339 4385 viri
363 4320 530 4372 sanctorem
549 4310 699 4374 hominnm
718 4334 842 4394 corpere
860 4313 1037 4378 coutulerunt.
1071 4312 1273 4394 Eutychianos
1286 4333 1365 4392 propa

153 4396 217 4459 342
234 4399 376 4482 martyres
394 4416 483 4460 mune
506 4417 562 4462 sue
578 4399 722 4480 sepelivit.
754 4401 918 4483 Gregorius
935 4403 1008 4484 Nae.
1025 4401 1121 4484 tradit,
1138 4399 1247 4474 desilii
1260 4399 1365 4482 Magni
