2944 4890
122 127 130 251 ¹.
223 191 288 256 aar
454 154 457 162 ’
590 183 683 253 xcv.
715 183 886 270 ornant·
902 145 1063 275 curantur

225 385 301 426 nom.
330 355 594 440 „Sauctimunialis
610 360 719 425 lemina
729 363 817 444 Bega
832 361 943 426 audiuit
957 363 1054 426 subito
1070 362 1102 424 iu
1114 367 1181 426 aere
1196 370 1297 424 notum
1315 381 1429 442 campa·

192 507 194 520 .
223 473 280 516 nae
299 471 414 526 sonum,
440 470 497 530 quo
515 451 550 511 ad
570 449 717 512 orationes
735 451 856 513 excitari
877 451 921 514 vel
941 451 1096 514 convocari
1116 450 1262 528 solebant,
1288 450 1429 531 numquis

225 560 324 604 eornm
343 541 378 600 de
396 534 498 599 ser-ulo
521 536 627 600 luisset
646 551 781 601 evocatus
800 540 876 602 etc.“
915 539 941 600 F
944 531 1027 602 anesi
1045 539 1171 602 Romani
1195 537 1342 620 pontilicis
1368 559 1429 618 pre·

223 630 356 711 sbyterus
373 638 400 689 et
417 625 556 692 diaconos
575 637 694 690 sanctae
705 627 856 690 Romanae
877 625 1022 690 ecclesiae
1039 626 1181 690 interesse
1197 627 1314 705 debere,
1337 624 1430 690 statuit

223 715 400 780 Benedictus
419 712 470 775 lll.
499 737 502 746 ·
874 777 877 787 ‚

312 801 453 883 Capiti.
492 799 544 860 De
575 802 680 860 modo
711 799 937 880 sepeliendi
964 800 1235 865 Christianus.
1276 800 1430 880 Religione

224 892 383 956 christiana
402 886 550 970 paullatim
571 898 730 965 crescente,
755 889 845 950 multa
864 888 958 950 sancti
978 889 1110 950 homines
1131 910 1183 970 pro
1200 889 1430 968 Christianorum

222 980 373 1061 sepultura
393 974 566 1038 coemeteria
583 975 773 1052 fabricarunt,
800 976 907 1056 quibus
924 977 1011 1039 certis
1027 977 1171 1059 statisque
1187 977 1279 1055 boris,
1303 976 1431 1038 honestis

223 1069 346 1143 ritibus,
371 1067 472 1126 eadem
493 1082 615 1142 corpora
634 1065 840 1128 reconderent:
865 1064 991 1125 bominis
1011 1064 1086 1126 eninr
1106 1065 1274 1144 sepulcrum
1294 1076 1430 1146 perpetuo

223 1154 320 1235 magni
338 1154 481 1214 lecerunt.
515 1151 633 1212 Causas
654 1153 775 1212 reddunt
794 1151 941 1232 Origines
953 1163 981 1214 et
997 1151 1193 1232 Augustinus.
1225 1152 1336 1214 Scribit
1360 1152 1430 1213 enim

89 1229 91 1238 Ι
191 1307 195 1316 ,
222 1246 272 1306 ille
289 1251 390 1320 (contr.
402 1239 582 1313 cetrum-op
600 1239 756 1315 „Humana
774 1261 907 1319 corpora,
924 1249 956 1301 nt
971 1240 1085 1302 aniruae
1099 1239 1244 1302 domicilia
1261 1252 1290 1303 et
1305 1241 1430 1302 sanctio·

220 1333 262 1394 ris
280 1328 462 1412 praecipuae,
480 1325 705 1406 bruudquaqaam
722 1338 791 1389 sunt
807 1327 974 1408 rejicienda,
991 1328 1098 1409 quippe
1117 1348 1192 1410 quaa
1205 1349 1242 1391 ex
1262 1327 1430 1410 optimarum

221 1420 321 1499 legun
350 1416 496 1496 permissa
520 1434 586 1474 curn
606 1414 783 1492 bonoribus,
807 1415 856 1495 qui
876 1415 975 1476 baberi
995 1417 1041 1478 bis
1066 1427 1207 1496 possunt,
1234 1423 1264 1477 et
1283 1417 1431 1495 sepultura

222 1509 410 1588 dignantur.“
443 1502 481 1564 Et
500 1500 584 1580 (ibid.
601 1502 661 1588 8·),=
681 1502 892 1579 „Rationalem
911 1502 1035 1566 animam
1054 1502 1199 1566 honorare
1217 1503 1382 1581 didicimus,
1406 1511 1432 1564 et

214 1593 312 1677 bajas
332 1611 444 1672 organa
463 1589 598 1669 sepulcro
622 1589 780 1652 honorilice
803 1592 1010 1652 rleraaodare.“
1057 1591 1114 1652 llic
1137 1611 1206 1653 vcro
1230 1594 1276 1670 (da
1291 1598 1365 1654 cioit.
1383 1596 1432 1652 Dei

224 1686 252 1759 l,
272 1684 354 1757 tat:
376 1679 466 1757 „Nec
488 1677 554 1738 idco
573 1690 666 1739 tauaen
686 1681 897 1740 courternaenda
920 1689 948 1739 et
964 1678 1130 1760 abjicienda
1148 1688 1216 1740 suut
1236 1699 1360 1759 corpora
1380 1680 1431 1738 de-

220 1773 385 1834 lnncternrn
404 1764 586 1846 rrrrrxirncque
598 1767 743 1848 justorum
769 1778 855 1847 atque
870 1765 1009 1842 fidelium,
1028 1767 1134 1848 quibus
1156 1777 1294 1848 tanquam
1314 1765 1431 1846 organis

221 1873 250 1922 et
267 1857 345 1918 vasis
362 1857 398 1916 ad
418 1855 493 1915 bona
512 1874 600 1935 opera
616 1865 735 1915 sarnatus
753 1873 825 1915 usus
842 1866 887 1915 est
900 1854 1032 1933 spiritus.
1065 1854 1097 1918 Si
1114 1854 1188 1916 eninr
1207 1867 1327 1934 paterna
1342 1853 1430 1915 vestis

221 1958 250 2010 et
266 1945 404 2018 arnonius,
428 1939 505 2002 acsi
524 1942 592 2036 quid
611 1941 787 2021 hujusmodi,
807 1951 885 2002 tanto
904 1941 1003 2003 carius
1021 1951 1065 2004 est
1082 1942 1216 2022 posteris,
1236 1954 1345 2022 quanto
1363 1962 1430 2020 erga

222 2045 358 2116 paventes
375 2030 467 2108 rururjov
483 2026 623 2103 all‘eetus3
648 2028 727 2088 nullo
747 2031 831 2089 modo
851 2030 913 2108 ipsa
931 2033 1097 2110 spernenda
1113 2041 1181 2091 sunt
1196 2048 1340 2110 corpora,
1359 2036 1431 2109 qaae
1466 2027 1467 2068 7

221 2120 321 2202 ntique
344 2115 434 2178 multo
459 2113 634 2175 larrriliarius
659 2131 745 2196 atque
763 2116 967 2197 conjunctius,
990 2138 1075 2198 quarn
1090 2117 1242 2198 quaelibet
1265 2118 1431 2178 indumenta

220 2220 379 2288 gestamus.
413 2201 496 2263 Haec
516 2201 591 2263 enim
611 2223 667 2262 non
689 2206 724 2288 ad
745 2216 943 2266 ornamentum
966 2203 1013 2266 vel
1034 2205 1226 2286 adjutoriam,
1253 2203 1432 2286 quodadbi-
1466 2267 1467 2286 ,

220 2299 305 2359 betur
328 2291 530 2365 extrinsecae,
556 2292 607 2351 sed
634 2292 669 2350 ad
690 2291 783 2372 ipsura
804 2305 937 2353 naturam
963 2292 1088 2355 benuiais
1113 2293 1268 2374 pertinent.
1305 2291 1387 2354 Unde
1407 2301 1433 2352 ct
1466 2295 1467 2326 l

220 2384 421 2464 antiquorum
428 2380 574 2460 justorum
603 2378 705 2439 lunera
732 2379 865 2441 olficiesa
891 2379 997 2460 pietate
1022 2392 1123 2442 curata
1146 2391 1214 2442 sunt
1239 2391 1267 2441 et
1290 2377 1432 2460 exequiae

220 2470 386 2536 celebratae
404 2479 431 2527 et
447 2467 598 2548 sepultura
616 2467 747 2544 provisa3
766 2467 880 2549 ipsique
897 2471 964 2529 dunr
983 2468 1120 2543 virerent,
1139 2471 1174 2529 de
1186 2467 1371 2548 sepeliendis
1390 2466 1433 2528 vel

153 2555 160 2565 ’
220 2561 306 2622 etiarn
327 2553 542 2618 transferendis
566 2554 630 2614 suis
654 2555 826 2636 corporibus
845 2553 913 2617 liliis
931 2559 1172 2618 mandaverunt.“
1205 2556 1267 2616 llas
1288 2555 1381 2634 igitur
1398 2556 1433 2614 ob

221 2666 328 2709 causas
346 2642 494 2702 hominum
512 2662 635 2722 corpora
653 2650 767 2722 veteres
784 2654 878 2704 terrae
895 2646 1075 2706 inundarunt.
1107 2645 1143 2705 Et
1160 2643 1274 2725 quidem
1293 2663 1353 2703 non
1371 2643 1434 2704 sine

221 2732 353 2818 periculo
378 2728 537 2792 Christiani
571 2729 691 2809 serapias
716 2741 1021 2810 nrartyrunr.r·orpora
1048 2735 1266 2792 reverenter'et
1293 2729 1434 2810 religiose

220 2821 413 2904 sepeliebant.
445 2818 531 2894 Quod
549 2818 656 2878 Asterii
674 2817 746 2878 rivis
762 2818 886 2881 Rurrnrni
904 2819 1011 2897 divitis,
1032 2819 1149 2885 nobilis.
1168 2819 1291 2898 patricii,
1310 2831 1434 2880 senato·

219 2911 262 2973 ris
288 2920 316 2970 et
344 2907 549 2987 imperaturam
567 2904 729 2986 ¹propinqui
757 2906 921 2986 exenrplam
948 2917 1086 2968 testatur:
1118 2907 1167 2987 qui
1193 2927 1257 2968 curu
1282 2905 1434 2966 Marinum

221 3008 372 3078 martyrem
391 2993 556 3056 Curesareae
573 2991 778 3072 Cappadociae
796 2995 891 3073 capite
910 2994 1024 3072 plexuro
1042 2994 1236 3074 sepelivisset,
1256 3014 1291 3054 eo
1307 2993 1388 3054 laeto
1409 3003 1436 3056 et

219 3086 283 3166 ipse
302 3083 396 3164 capite
413 3101 519 3143 cruesus
537 3091 589 3155 est,
610 3092 640 3141 ut
655 3093 757 3142 auctor
773 3092 818 3142 est
835 3081 982 3144 Eusebius
1001 3080 1082 3161 (bist.
1099 3081 1171 3144 eccl.
1186 3082 1218 3159 ⁷,
1235 3083 1314 3160 to.):
1335 3081 1435 3159 „Cum

218 3174 248 3236 in
269 3171 488 3234 consumatiooe
513 3167 647 3245 martyris
672 3167 780 3229 Marini
800 3168 971 3244 Asterius,“
994 3169 1105 3250 innuit,
1133 3172 1293 3248 „adesset,
1325 3188 1436 3249 corpus
1465 3215 1466 3235 .

218 3261 301 3324 illias
321 3257 414 3336 rapite
433 3270 564 3318 truncam
590 3274 653 3316 curn
672 3255 800 3316 berneris
818 3257 897 3332 suis,
921 3257 1132 3338 splendidoque
1151 3268 1179 3319 et
1197 3255 1324 3337 pretiosa
1344 3257 1437 3318 indu-

219 3360 314 3411 mento
330 3343 496 3424 impositum
515 3341 617 3404 detulit
633 3351 661 3404 et
676 3344 925 3424 splendidissime,
946 3363 1085 3425 quuuntnrn
1106 3347 1307 3420 conveniebat,
1328 3345 1437 3424 sepul-

218 3447 302 3500 turae
326 3431 442 3495 tradidit
465 3443 492 3492 et
515 3432 669 3508 bonorem,
694 3453 778 3512 quem
804 3432 919 3513 martyri
940 3431 1058 3504 detulit,
1084 3433 1221 3494 continuo
1242 3431 1438 3513 ipsemnrtpr

218 3522 414 3605 assequitur.“
441 3517 588 3600 Origenes
605 3521 665 3598 (lib.
680 3522 706 3578 l.
724 3530 863 3582 contutant.
880 3527 909 3580 io
925 3523 1039 3599 dobant)
1057 3520 1184 3585 meminit
1201 3515 1321 3600 pretiosi
1340 3521 1436 3582 vesti-

217 3624 281 3690 tus,
306 3631 363 3692 quo
387 3607 492 3669 mortui
516 3607 609 3667 ornati
629 3607 658 3666 in
681 3617 785 3668 terram
805 3606 912 3668 conditi
932 3619 1010 3670 sant.
1044 3609 1137 3684 Quem
1155 3607 1180 3670 si
1199 3607 1264 3688 quis
1282 3627 1337 3686 pro
1360 3629 1436 3669 eou-

217 3701 374 3764 suetudine
397 3694 502 3758 mortui
526 3693 611 3755 arniei
637 3695 751 3774 corpori
776 3694 950 3756 involvendo
970 3696 1082 3757 mittere
1104 3694 1321 3771 constituisset,
1351 3696 1435 3775 prius

218 3786 436 3861 conscindebat,
453 3805 489 3845 ne
502 3803 536 3845 eo
549 3783 586 3842 ab
600 3781 739 3862 improbis
750 3785 901 3863 subrepto,
915 3802 1022 3865 corpus
1035 3784 1229 3846 irreverenter
1242 3782 1436 3864 abjiceretur.

217 3873 419 3954 Eutychianus
443 3891 536 3953 papa,
560 3879 679 3932 anctore
699 3871 845 3950 Damaso,
871 3871 1036 3943 constitnit,
1059 3881 1091 3932 nt
1110 3871 1277 3952 quicunque
1300 3867 1435 3932 fidelium

219 3972 371 4041 martyrem
389 3959 536 4041 sepeliret,
555 3957 583 4020 id
605 3958 669 4019 sine
686 3955 842 4021 dalmatica
866 3969 916 4021 ant
934 3957 1060 4020 collobio
1079 3968 1239 4039 purpurato
1258 3956 1436 4020 nullatenus

216 4047 337 4124 laceret,
362 4059 390 4110 et
412 4046 547 4108 manibus
566 4045 629 4108 suis
649 4066 702 4126 per
716 4045 832 4109 diversa
850 4044 918 4110 loca
936 4047 998 4109 342
1016 4058 1157 4128 martyres
1175 4044 1321 4126 sepelivit.
1354 4046 1435 4108 Pru-

217 4133 353 4214 dentius,
376 4155 451 4216 qnae
468 4133 499 4195 in
519 4133 652 4196 ecclesiis
677 4133 908 4198 occidentalibus
935 4135 966 4196 in
986 4134 1144 4198 vestiendis
1162 4145 1190 4195 et
1209 4134 1361 4212 ungendis
1381 4138 1434 4198 de-

216 4223 381 4286 functorum
405 4221 576 4297 corporibus
599 4222 661 4283 lieri
684 4223 772 4286 solita
796 4232 913 4302 essent,
939 4222 1110 4286 brevissime
1129 4221 1256 4304 explicat
1275 4221 1306 4282 in
1331 4226 1434 4299 barano

216 4319 246 4377 in
263 4315 386 4391 scopatio
400 4310 591 4384 defunctorum
606 4309 667 4372 sic:
1272 4303 1275 4310 ’
