2968 4896
319 243 355 308 do
371 239 634 328 procrastinatione
651 241 788 330 bendani
803 246 881 329 apud
897 255 1049 317 reterns..
1210 251 1274 324 138
1308 315 1313 324 ,

41 423 102 486 locri
122 424 225 484 tinnit.
246 418 395 485 Ambrosii
411 421 514 512 (serm.
531 409 640 486 domiin.
651 423 682 486 n.
700 429 775 504 post.
791 421 941 504 pentec.):
963 445 1019 488 noa
1034 427 1113 488 neila
1128 429 1291 493 murtetis·

42 513 170 592 peteuda
186 519 233 572 eat·
245 515 330 588 meio,
350 531 408 574 noua
422 509 525 586 {lunius
541 521 631 574 umor
640 512 782 590 judaicos.
824 513 878 574 Ubi
893 519 965 574 euim
980 535 1054 576 nuno
1072 517 1209 594 Obrtstua,
1235 521 1274 582 idi

44 619 156 681 quoque
171 600 316 662 dordonae
330 609 381 660 art.
416 601 523 668 Eadem
537 606 714 673 marratio,
735 621 806 679 quoe
820 606 935 662 orantis
950 602 1111 677 dromonum
1127 605 1272 684 benedicit,

44 692 202 750 occidentia
218 686 325 764 lineato
339 687 505 764 comburet.
519 721 557 734 -
575 687 603 771 §.
617 688 668 748 11.
685 684 848 767 Plerosque
864 709 924 750 uua
940 689 1061 752 retinuit
1076 710 1178 768 causa,
1195 692 1272 756 vitae

44 775 190 838 nimirum
206 772 347 836 licentius
364 777 499 855 agendae
516 776 714 852 eonsuetud03
732 795 808 856 qnae
827 775 912 838 labes
928 776 1117 842 diuturnitate
1133 779 1271 860 temporis

46 864 97 926 rix
114 861 238 927 evannit
255 874 283 926 et
300 883 390 943 aegre
401 861 465 926 elui
483 862 583 944 potnit.
611 861 841 926 Consideremus
858 863 998 928 rationem
1016 876 1044 928 et
1060 865 1272 932 iustitutionem
1370 859 1373 866 ’

45 952 124 1014 ritae
150 949 326 1031 gentilium,
352 969 389 1013 ex
413 951 520 1031 quibus
543 953 580 1014 ad
606 949 713 1012 Christi
742 971 828 1012 sacra
853 952 1032 1014 transierunt
1058 957 1271 1028 catechumeni.

46 1040 171 1118 Quanta
190 1028 375 1118 ergo'ttoun
398 1037 556 1120 impietasl
581 1049 689 1119 quanta
710 1059 782 1119 erga
803 1038 878 1101 alios
904 1040 1047 1120 injustitia
1065 1043 1271 1108 dominabatur

44 1138 73 1190 et
88 1125 258 1190 violentia‘l
283 1135 354 1208 quot
376 1125 454 1189 uitiis
479 1138 566 1208 atque
590 1125 711 1207 flagitiis
736 1137 764 1188 et
790 1127 866 1194 omui
884 1129 1029 1191 dedecore
1046 1151 1113 1192 sese
1128 1131 1270 1212 inquina-

44 1219 116 1278 bant
133 1214 295 1276 leontinusl
327 1213 515 1294 ingurgitare
531 1234 565 1276 se
580 1214 657 1292 rino,
685 1215 872 1296 pergraecari
890 1235 955 1280 curn
974 1219 1090 1296 scortis,
1114 1233 1270 1300 quaestura

44 1323 175 1385 corpore
191 1302 301 1379 iacere,
325 1299 423 1380 ludes,
448 1302 632 1383 turpissimos
650 1323 872 1384 saepenumero,
891 1304 1053 1384 spectatum
1070 1306 1123 1383 ire,
1148 1319 1176 1368 et
1193 1329 1269 1389 quae

42 1391 92 1456 bis
110 1390 233 1467 similia,
258 1388 306 1452 rel
322 1390 440 1452 minime
458 1390 503 1452 rel
520 1412 622 1472 parum
640 1390 803 1452 intersitio
820 1393 1000 1471 ponebatur,
1026 1393 1113 1456 imme
1128 1393 1205 1456 inter
1220 1417 1268 1459 res

45 1492 73 1542 et
97 1479 191 1542 utiles
208 1488 238 1540 et
253 1478 394 1542 honestas
416 1477 607 1540 referebatur.
644 1479 735 1540 Hisce
760 1500 828 1540 roro
846 1480 982 1540 erunibus
1001 1491 1029 1541 et
1046 1482 1160 1544 cunetis
1177 1484 1268 1546 rebus

44 1569 136 1650 hujus
155 1565 253 1630 seculi
277 1565 418 1630 nennium
445 1566 590 1628 remittere
608 1567 768 1642 debebunt,
794 1587 852 1626 nun
870 1567 919 1648 qni
936 1567 1123 1630 christianum
1143 1567 1267 1649 religio-

48 1677 114 1718 ne·
129 1657 192 1737 jam
209 1652 278 1716 olim
295 1653 422 1736 amplexi
441 1653 529 1736 inque
546 1675 581 1716 ea
598 1653 712 1716 educati
725 1664 808 1716 eraut
819 1653 926 1732 solum,
943 1657 995 1718 sed
1012 1656 1106 1736 etqui
1124 1654 1269 1722 elementa

46 1743 115 1806 idei
133 1745 334 1806 edocebantur
351 1754 379 1805 ct
396 1744 433 1804 ad
451 1743 624 1824 baptismum
643 1744 902 1823 praeparabantur.
941 1743 978 1804 nt
994 1765 1079 1824 quarn
1098 1743 1217 1806 difficile
1234 1767 1267 1812 se

45 1833 184 1914 aliosque
200 1832 237 1892 ab
254 1831 300 1894 bia
318 1831 464 1912 pestiferis
480 1830 559 1892 vitiis
576 1830 711 1908 retinere,
736 1829 843 1910 poribus
860 1849 878 1891 a
892 1831 1043 1911 juventute
1059 1831 1148 1892 dediti
1165 1835 1265 1896 erant!

45 1921 119 1984 lude
136 1919 267 1996 factum,
293 1929 325 1982 ut
340 1918 386 1982 bis
402 1917 479 1982 vitiis
496 1929 524 1981 et
539 1917 703 1980 sceleribus
721 1916 925 1996 contaminati,
950 1920 1058 2000 quibes
1084 1939 1118 1980 se
1134 1917 1266 1984 delecta-

44 2011 118 2073 bant
135 2004 366 2085 ineredibiliter,
391 2027 527 2087 magnam
545 2005 602 2066 sibi
619 2006 675 2068 ritu
693 2003 803 2068 inferre
822 2006 991 2085 debuerint,
1019 2006 1165 2070 Christum
1182 2009 1267 2090 sequi

42 2107 190 2160 statutum
206 2095 350 2158 babentes
366 2115 432 2158 cum
449 2094 545 2158 animo
563 2113 598 2156 ao
615 2093 818 2156 deliberatum.
852 2093 911 2156 Alii
929 2115 996 2156 vero
1014 2096 1089 2158 bano
1104 2095 1266 2159 molestiam

43 2207 81 2250 ex
95 2179 291 2266 cupiditatum
302 2183 492 2264 oppressione
505 2193 672 2244 nascentem
691 2182 840 2260 fugientes
858 2191 886 2244 et
901 2182 1135 2259 reformidantes,
1152 2185 1266 2265 baptis·

42 2295 124 2338 mura
142 2275 183 2334 ad
200 2269 269 2334 illos
285 2271 389 2334 aetatis
413 2291 507 2334 anuos
533 2265 802 2353 procrastinabant,
829 2270 936 2351 rpuibus
954 2271 1089 2333 vitiorum
1106 2271 1265 2336 illecebrae

5 2415 6 2420 ,
44 2373 72 2426 et
91 2360 245 2425 lenocinia
258 2357 386 2424 extincta
403 2359 481 2437 lere,
508 2359 610 2422 saltem
627 2358 780 2422 debilitata
790 2357 915 2442 ,facilius
931 2358 1008 2419 rinei
1028 2379 1115 2438 posse
1132 2360 1266 2422 somnia·
1342 2433 1345 2438 Ι

44 2452 141 2517 Ιιιιιιι.ι
169 2449 277 2512 Omnia
293 2469 361 2512 vero
378 2457 498 2529 peccata
513 2448 544 2510 iu
566 2446 709 2530 baptismo
735 2449 839 2528 postea
863 2445 1033 2508 remittenda
1056 2445 1266 2529 sperabant*).

45 2537 186 2604 Graviter
200 2539 356 2600 admodum
374 2535 504 2600 Basilius
521 2535 584 2618 (cit.
599 2535 690 2615 bom.)
713 2535 743 2596 in
760 2535 835 2596 bane
852 2533 1124 2615 procrastinationis
1143 2553 1266 2598 causano

44 2626 215 2690 innubilare
240 2627 467 2705 nimpodiruaatu
483 2625 590 2704 prauo!
615 2647 631 2686 o
654 2635 761 2704 turpem
784 2634 810 2684 ot
826 2630 1035 2686 tortermiuntom
1050 2629 1265 2704 occupationem.

47 2721 198 2796 Quousque
217 2715 329 2776 modun
348 2712 528 2793 uoluptates?
551 2733 688 2792 umoreque
710 2710 847 2772 deliciae.²
881 2715 1011 2774 thmus
1027 2715 1143 2774 nudtom
1159 2723 1267 2793 amputa
1303 2776 1304 2780 ,

43 2805 161 2879 mundo,
176 2805 314 2884 adiuuant
327 2808 455 2864 uiuamus
468 2810 494 2862 at
510 2802 588 2862 uobis
604 2798 696 2879 ipsis?
728 2799 760 2858 la
777 2799 968 2877 sequentibus
987 2799 1101 2879 pergit:
1117 2807 1181 2861 aeui
1194 2823 1265 2879 pro-

44 2897 275 2956 crastinationem
293 2900 378 2966 tuum,
402 2909 560 2972 quanquam
576 2909 636 2950 eum
652 2888 742 2948 uerbis
758 2893 876 2965 coempto
884 2910 893 2960 ς
916 2890 1038 2948 etoutout
1054 2907 1098 2946 roo
1113 2893 1201 2966 ipseo,
1218 2897 1266 2950 to-

44 2987 126 3042 aatst
140 2997 207 3044 oona
220 2989 304 3042 tocea.
339 2983 416 3051 siae,
432 2987 499 3040 ator
513 2997 626 3055 corpore
641 2976 679 3036 ud
694 2975 831 3050 frenandos
848 2983 941 3053 turpes
957 2975 1092 3046 libidines,
1111 2976 1218 3035 coluter
1234 2981 1265 3036 tn

43 3090 127 3132 anano
143 3071 333 3148 adaptatum,
362 3101 400 3113 -
428 3101 458 3112 -
491 3075 518 3126 ot
533 3075 598 3126 tuuc
614 3084 674 3124 erton
697 3063 808 3125 tondent
824 3083 843 3124 o
860 3064 943 3124 naulis
959 3063 1111 3141 adpetendo
1127 3063 1264 3136 destitero,

43 3163 199 3237 manipulum
229 3153 391 3235 b'opttentol
434 3152 520 3231 Quod
555 3171 673 3232 prauum
708 3148 862 3212 eonsilium
895 3149 1080 3212 vehementer
1110 3149 1265 3230 vituperat.

42 3246 168 3308 Praeter
184 3241 246 3306 alia
262 3245 336 3306 baec
351 3262 469 3324 quoque
485 3239 596 3322 prolert
607 3261 617 3302 ι
648 3243 791 3302 (laetorum
807 3244 870 3319 qrria
891 3241 941 3308 abt
962 3245 1035 3300 ottae
1050 3241 1164 3302 limitem
1179 3259 1265 3318 proe-

42 3332 134 3412 liniti
149 3339 212 3414 quia
228 3342 331 3394 cubem
347 3335 494 3394 nonantulis
510 3335 655 3392 temuinuru
670 3329 719 3390 tttt
735 3326 882 3403 delinivit?
900 3359 934 3372 -
958 3363 996 3378 -
1021 3329 1095 3401 Quid
1110 3337 1265 3406 suspectae,
1292 3325 1297 3334 '

43 3433 75 3484 at
90 3421 220 3498 bonafide
235 3423 323 3498 febris
338 3430 364 3482 ot
378 3439 492 3484 munere
507 3419 646 3498 baptismo
662 3421 793 3496 accipias,
809 3417 920 3496 mroudo
935 3437 1020 3495 neque
1030 3418 1171 3478 solutorio
1182 3416 1266 3478 uerbo

42 3512 174 3590 proferro
195 3515 316 3589 potaris,
341 3529 425 3589 aequo
447 3509 519 3583 forto
540 3509 615 3568 olore
632 3506 730 3568 audire
748 3505 796 3565 tibi
820 3505 925 3581 licebit,
952 3504 1045 3565 morbo
1070 3513 1153 3582 caput
1173 3509 1265 3584 ipsum

44 3607 199 3680 occupante
214 3607 263 3661 eto.

42 3723 276 3745 m

112 3785 147 3853 a)
166 3785 222 3838 linc
239 3784 474 3854 procrastinatione
493 3782 615 3850 baptismi
633 3781 700 3850 apud
714 3787 816 3832 veteres
829 3779 936 3846 ejusque
954 3776 1028 3828 mode
1054 3775 1169 3828 refutata
1185 3790 1266 3829 cauea

44 3865 157 3910 utuntur
173 3855 321 3922 Pontificii,
343 3854 375 3905 ed
393 3853 564 3906 evincendam
575 3852 728 3920 ‘doctrinam
749 3851 789 3912 de,
801 3847 973 3917 possibilitate
994 3845 1142 3896 abolitionis
1163 3847 1265 3914 peceati

45 3926 183 3992 originalia
204 3926 230 3976 in
256 3926 305 3975 bno
330 3925 386 3975 vita
406 3921 567 3974 inbaesivac.
603 3920 699 3986 Ajunt,
726 3921 793 3970 hene
816 3919 847 3968 ob
873 3913 1155 3982 causurubnptismum
1176 3915 1266 3984 primis

45 4003 105 4064 post
124 3993 155 4046 C.
179 4012 205 4046 u.
225 4009 295 4044 acco.
318 3993 438 4044 annuitis
457 3989 537 4042 luisse
555 3989 788 4056 procrastinatum,
817 3986 878 4052 quia
899 3985 954 4050 ejus
975 3983 1089 4034 subsidio
1115 3999 1130 4035 a
1151 3986 1266 4052 peccetis

45 4065 182 4130 omuibus,
208 4065 234 4115 in
254 4063 344 4132 primla
363 4077 425 4112 vero
444 4061 564 4124 originali
584 4060 703 4110 universe
725 4056 833 4108 liberari
851 4055 1036 4120 speravisscut.
1074 4051 1283 4120 Respondemus¹

44 4151 109 4186 raro
131 4135 161 4202 1)
181 4136 248 4186 bauo
266 4132 478 4184 consuetudinem
496 4143 578 4196 neque
599 4128 663 4180 adeo
682 4127 813 4192 antiquam
831 4139 904 4188 esse,
926 4129 954 4172 nt
974 4123 1015 4174 bio
1033 4119 1161 4185 tr‘aditnr,
1184 4136 1266 4190 noque

45 4203 145 4272 aliquid
164 4203 295 4272 probare,
324 4201 373 4254 uisi
391 4201 533 4268 legitimam
556 4198 636 4249 inisse
657 4200 895 4264 praesupponatur,
923 4192 989 4258 quod
1008 4199 1034 4244 ct
1052 4193 1100 4260 ipsi
1122 4193 1267 4244 adversarii

45 4279 155 4337 negent.
192 4275 221 4336 2)
243 4269 327 4323 Extra
347 4286 420 4322 omne
446 4269 549 4320 dubium
568 4267 678 4334 positum
700 4271 755 4328 est,
780 4264 863 4316 adbuc
883 4259 963 4312 luisse
982 4261 1047 4312 nlius
1067 4262 1143 4328 hujus
1162 4275 1267 4328 procra-

44 4342 198 4394 stinationis
216 4355 293 4393 nasus
311 4351 464 4406 causasque.
492 4339 522 4402 3)
539 4337 655 4403 Denique
674 4334 768 4386 inverti
787 4339 872 4401 potest
890 4338 1076 4395 argumentum.
1104 4329 1173 4381 Pone
1188 4329 1264 4390 enim,

44 4414 110 4464 olion
137 4413 205 4466 bane
230 4410 396 4463 abolitionem
418 4395 577 4460 inbaesiuain
596 4404 698 4474 peccati
717 4403 853 4468 originalia
871 4401 991 4468 baptisari
1010 4401 1107 4452 anxilio
1125 4399 1275 4463 impetras-¹

44 4483 107 4536 dnm
126 4479 286 4548 credidisse,
314 4495 398 4534 nonne
414 4479 442 4534 id
458 4476 657 4532 maturationem
680 4473 801 4544 baptismi
818 4472 993 4543 potiusquam
1006 4483 1104 4524 moram
1116 4465 1264 4520 ouoeimett
