2942 4892
472 263 478 274 ‚
510 171 547 234 de
562 191 656 236 eeena
671 169 800 238 llenini.
1188 172 1255 238 225

16 365 85 424 ergo
109 349 141 406 et
170 345 400 408 consensionis
423 345 454 407 in
477 334 546 410 lide.
578 345 688 410 Euseb.
705 346 774 410 bist.
797 342 872 408 secl.
889 339 922 423 b,
940 346 982 407 26
1006 343 1142 424 πέμπειν
1162 339 1257 430 eripu-

16 433 137 514 pmm'or
164 432 264 497 dixit.
313 433 419 497 Postea
443 433 493 496 illa
518 437 700 498 cousuetudo
722 435 781 496 snit
808 431 963 514 prohibite.
1004 433 1148 496 Similiter
1169 437 1255 502 etiem

16 519 109 582 Latini
130 518 293 601 eulogias
310 521 446 585 dixerunt
461 521 557 585 frusta
574 522 660 604 panis
672 521 832 599 benedieti,
849 522 901 583 sed
919 542 977 583 uon
994 519 1024 582 iu
1041 541 1127 584 usum
1144 525 1256 587 euehu-
1335 527 1341 536 '

17 607 134 686 ristiae,
162 609 220 690 qni
234 615 276 672 ‘et
296 610 462 672 mittebatur
476 613 513 673 ad
531 613 685 688 absentes,
708 621 741 674 ut
756 629 846 690 saepe
869 607 978 688 legitur
994 608 1026 671 in
1042 608 1176 690 epistolis
1191 613 1256 674 bu-

19 695 126 776 gustiui
155 708 187 758 et
212 697 335 774 Pauli,
364 708 393 760 et
416 699 510 762 saeris
534 698 660 780 peractis
685 696 851 776 datariis,
882 695 1173 778 qui'eomnnnieare
1196 720 1257 762 nou

19 785 131 846 luerunt
159 785 289 866 parati,
322 794 354 846 ut
377 797 423 848 est
444 786 476 847 in
503 789 639 862 deereto,
673 789 749 868 quod
780 785 825 848 l‘ii
851 785 875 848 l.
902 784 1018 847 nomine
1043 785 1277 876 circumfertur„

20 872 174 934 Dabuntur
192 869 328 936 eaedem
346 873 483 954 eulogiae
499 884 527 936 et
545 873 780 950 catechumenis,
810 871 859 954 qui
873 871 925 954 jus
941 876 1102 937 sumendae
1118 874 1257 938 euchari-

21 959 88 1022 stiue
112 978 174 1038 non
204 961 378 1025 habebantt
428 961 528 1044 ltaque
552 963 607 1024 boo
629 961 689 1023 illis
711 972 774 1024 erat
796 960 862 1022 loeo
880 961 1057 1024 sacrementi
1074 969 1163 1044 utque
1181 964 1255 1026 adeo

21 1035 242 1112 sacramentum
263 1051 413 1130 quoddam
431 1051 486 1111 hoe
503 1048 564 1112 illis
581 1058 653 1112 erat.
691 1050 766 1112 Nam
782 1048 823 1110 ita
840 1048 948 1112 diserte
964 1047 1094 1130 adpellat
1112 1050 1257 1132 Augusti·

25 1157 84 1213 nus,
102 1139 155 1216 (de
178 1148 381 1218 peecatorum
399 1137 509 1200 meritis
525 1148 552 1198 et
567 1137 680 1200 remiss.
698 1135 729 1214 2,
748 1135 815 1218 26.)
840 1133 954 1198 laxiore
978 1137 1113 1200 videlieet
1128 1139 1257 1216 notione,

24 1225 86 1302 quia
102 1227 255 1304 precibus
275 1225 525 1288 sanctificabatur.
557 1225 601 1288 Ae
619 1235 774 1306 propterea
790 1245 895 1304 punem
910 1223 993 1286 illum
1010 1231 1153 1289 mearunt
1168 1225 1256 1290 etiam

25 1305 204 1394 dvoidmpon,
234 1313 380 1394 qnoniam
399 1313 495 1376 loonm
514 1313 662 1374 obtinebat
678 1302 789 1395 δώρου,
812 1311 831 1371 i.
852 1333 890 1390 e.,
909 1333 934 1374 s.
951 1313 1158 1376 eucharistiae.
1191 1315 1257 1378 Hor

27 1419 145 1480 eamque
162 1399 328 1482 signifieat
350 1389 386 1485 ιό
403 1396 514 1485 tloipov.
557 1400 705 1462 Dixerunt
722 1401 846 1460 eundem
868 1419 971 1479 panem
995 1410 1023 1462 et
1046 1394 1181 1461 πλαστὸν
1205 1411 1257 1464 aut

26 1481 254 1566 κατάκλειστον,
274 1499 395 1570 propter
409 1488 592 1564 fractionem,
617 1507 704 1569 quam
724 1485 859 1549 ridentur
874 1486 904 1546 in
923 1505 958 1548 eo
976 1487 1130 1550 dividendo
1149 1490 1256 1550 obser·-

29 1593 122 1650 rasse,
141 1573 228 1638 sieut
248 1578 467 1639 observabatur
485 1575 513 1636 in
533 1575 728 1638 eucharistiae
746 1573 961 1650 distributione,
985 1576 1021 1636 de
1038 1595 1097 1655 qna
1113 1573 1255 1656 deineeps

29 1681 72 1738 pro
88 1661 218 1725 instituti
243 1665 340 1726 nostri
358 1663 470 1727 ratione
489 1683 583 1744 pinnen
604 1661 779 1726 notabimus.
820 1661 911 1744 Haeo
926 1683 995 1724 rere
1013 1682 1089 1742 quae
1112 1663 1255 1728 haemnns

31 1747 180 1830 interprete
205 1751 398 1814 Casauhono
421 1752 662 1829 submonuimus,
693 1752 729 1812 ad
754 1750 890 1826 Patrem,
921 1748 1047 1812 maxime
1070 1771 1255 1830 graecorum,

31 1831 258 1901 illustrationem
286 1839 419 1921 adprime
442 1838 560 1904 lanient.
609 1837 641 1900 S.
668 1858 788 1900 coenam
816 1847 913 1899 autom
939 1829 1084 1917 εὐλογίαν
1108 1847 1137 1900 et
1160 1833 1254 1919 stipo·

33 1917 142 1997 putide
159 1927 314 2008 adpellari
337 1923 575 2009 συνεκδοχικῶς,
598 1926 658 2008 jam
676 1948 693 1988 a
710 1925 795 1987 nohis
812 1923 860 1985 bie
877 1938 905 1987 et
920 1923 996 1986 alias
1013 1935 1058 1986 est
1075 1924 1194 1988 dietum.
1210 1937 1256 1977 4·-

33 2007 56 2088 l.
72 2012 100 2072 6.
125 2012 235 2076 Restat
253 2035 362 2077 nomen
379 2014 493 2091 Missa,
517 2017 594 2095 qnod
620 2013 751 2095 proleeto
774 2034 845 2094 prae
869 2011 977 2076 eeteris
1002 2011 1255 2094 restitueretur.

34 2095 169 2161 Pontifieii
187 2104 307 2184 passim
324 2123 342 2165 a
358 2119 431 2167 netu
456 2104 621 2180 deducunt,
647 2112 677 2163 ut
691 2101 730 2164 sit
752 2101 837 2184 quasi
854 2100 1032 2164 saerilieiem
1049 2100 1171 2176 altoris,
1197 2122 1255 2183 qne

35 2180 91 2262 ipso
108 2187 272 2254 Hebraeae
297 2191 418 2270 linguae
442 2189 637 2272 ignorantiam
665 2189 739 2254 satis
763 2191 899 2270 produnt.
942 2188 1000 2250 Alii
1026 2209 1131 2252 nomen
1156 2189 1256 2254 lllissa

36 2267 191 2340 Hebraeum
212 2301 320 2342 sonem
338 2299 405 2340 esse
428 2274 490 2364 nen
508 2281 633 2355 donum,
651 2277 779 2351 oblatio,
797 2297 835 2338 ex
853 2275 942 2340 Dent.
964 2273 1013 2352 lb,
1035 2278 1073 2336 ¹0
1093 2276 1162 2338 olim
1179 2297 1255 2344 eun-

36 2356 167 2436 jeeerunt.
218 2365 266 2430 lta
286 2369 320 2430 t.
338 2367 372 2429 0.
398 2365 429 2426 in
447 2366 572 2446 Apolog.
597 2368 633 2428 de
659 2365 761 2428 vocab.
789 2363 915 2426 missae:
944 2362 1132 2440 „Quorsum
1162 2362 1267 2444 ajunt,

39 2465 103 2525 opus
129 2463 174 2514 est
197 2455 306 2534 proenl
333 2470 473 2536 quaerere
497 2452 721 2536 etymologiam,
747 2473 812 2514 enm
835 2459 914 2514 extet
940 2469 1043 2512 nomen
1061 2452 1152 2516 missa
1167 2451 1256 2518 Dent.

42 2532 85 2596 lli.
103 2538 148 2599 nbi
174 2541 331 2624 signifieat
354 2540 526 2602 collationes
543 2561 568 2604 s.
587 2559 709 2604 munera
734 2539 853 2622 populi,
880 2560 938 2602 uon
958 2537 1135 2604 oblationem
1152 2559 1256 2604 saeer-

42 2619 117 2686 dotis.
155 2627 318 2692 Debebunt
335 2627 410 2692 enin
434 2627 546 2707 singuli
566 2629 717 2692 uenientes
741 2630 778 2690 ad
803 2625 1030 2690 celebrationem
1054 2629 1182 2708 paschae
1199 2627 1257 2692 ali·
1338 2711 1340 2716 Ι

45 2713 112 2786 quod
137 2735 249 2779 tonnus
277 2717 362 2799 quasi
383 2716 546 2799 symbolam
571 2715 698 2779 adlerre.
743 2716 831 2778 Hune
848 2736 956 2778 morem
974 2714 1057 2778 initio
1075 2717 1260 2788 retinuerunt,

45 2804 68 2854 tl
83 2798 254 2870 Christiani.
292 2805 509 2868 conuenientes
533 2803 705 2865 adferebant
723 2823 823 2882 panes,
844 2801 942 2864 vinnm
962 2812 990 2864 et
1006 2799 1077 2881 alia,
1094 2812 1127 2864 ut
1144 2813 1257 2864 testau-

45 2887 84 2942 tur
99 2887 237 2956 Cauones
264 2891 485 2974 Apostolorum.
527 2892 597 2952 lude
621 2891 794 2952 sumebatur
811 2911 896 2970 puts,
922 2910 997 2969 quae
1023 2901 1257 2954 consecraretur.
1324 2909 1327 2914 “

45 2967 190 3056 lleliqnnm
205 2980 440 3061 distribuebatur
451 2978 641 3060 pauperibus.
660 2977 734 3040 Cum
746 2978 803 3038 hoe
816 2997 896 3038 more
909 2975 1090 3038 retinuerunt
1099 2987 1136 3038 -et
1153 2998 1259 3040 nornen

47 3057 234 3149 collationum,
253 3067 377 3132 missa.“
411 3069 475 3130 Non
495 3087 566 3148 ergo
586 3076 632 3128 est
647 3069 801 3140 absonum,
819 3062 928 3126 missae
945 3083 1045 3126 vorem
1063 3083 1081 3124 a
1098 3063 1257 3128 Chaldaeis

48 3155 89 3206 aut
104 3149 250 3218 Hebraeis
278 3165 421 3238 repetere.
474 3156 548 3218 Nutu
573 3172 636 3240 nen
663 3153 810 3216 Hebraeis
837 3149 985 3232 signifieat
1010 3153 1137 3230 donum,
1172 3151 1258 3214 obla-

49 3229 153 3302 ¹l⁰¹¹em0
204 3243 321 3307 Morem
350 3263 467 3326 quoqne
485 3236 641 3306 'offerendi'
665 3244 742 3303 dona
767 3243 805 3302 ab
832 3239 977 3302 Hebraeis
1006 3241 1042 3302 ad
1073 3239 1258 3305 Christianus

50 3322 168 3416 perisse,
186 3333 360 3409 audiemus,
379 3351 445 3393 eum
463 3338 593 3394 ueterum
610 3351 723 3411 agapas
739 3349 842 3390 sutnus
859 3327 1062 3390 examinatori.
1103 3327 1198 3409 Atque
1214 3327 1259 3391 sio

50 3404 93 3468 ulla
114 3425 140 3474 et
162 3437 227 3480 eum
255 3431 350 3498 etymo
376 3430 404 3481 ot
428 3439 493 3480 eum
519 3440 549 3480 re
574 3418 658 3498 ipsu,
687 3417 716 3480 h.
734 3438 772 3494 e,
798 3415 1010 3478 consuetudine
1026 3425 1155 3480 veterum
1172 3435 1259 3496 quam

53 3499 168 3569 Proxime
184 3527 351 3589 congruere
364 3508 517 3570 uidentur.
553 3506 747 3582 blenimvero,
764 3505 974 3589 quonimurox
991 3505 1068 3583 apud
1084 3502 1259 3582 interpretes

54 3590 76 3639 et
90 3582 185 3653 l‘alros
202 3597 419 3660 vetustissimos
438 3615 494 3655 uon
513 3593 678 3670 iuvenitur,
704 3594 799 3675 Syrus
819 3592 922 3667 etiam,
941 3590 1026 3671 eujus
1044 3599 1138 3652 tamen
1158 3591 1262 3668 lingua

18 3741 20 3746 ,
56 3670 86 3727 ll
100 3672 251 3746 hebraeam
269 3707 359 3766 prope
377 3682 510 3758 aceedit,
528 3684 649 3744 eundem
667 3681 794 3760 ignorat,
819 3679 926 3764 missae
943 3676 1118 3740 vocabulum
1136 3675 1261 3757 originis

57 3771 112 3820 esse
128 3761 271 3835 hebraeae
295 3773 473 3834 dubitamus.
516 3769 640 3848 Legitur
666 3768 782 3850 quidem
806 3768 836 3827 in
861 3767 1041 3828 Graecorum
1065 3765 1261 3842 montunenlis

56 3859 105 3906 tox
127 3853 213 3936 bloet,
242 3864 293 3923 sed
312 3871 463 3923 anulorum
486 3857 598 3919 mediae
615 3856 737 3934 aettttis,
764 3854 811 3936 qui
830 3865 897 3916 ante
916 3873 1010 3914 annos
1028 3859 1263 3934 praeterpropter
1320 3849 1324 3858 ’

60 3933 236 4018 noningentos
252 3952 287 4011 de
304 3969 335 4011 re
353 3945 469 4010 militari
487 3944 672 4027 seripserunt
690 3943 849 4024 etquidem
867 3961 920 4022 pro
938 3939 1113 4021 vespertinis
1125 3941 1263 4023 precibus

59 4029 100 4080 aut
114 4032 270 4112 matutinis,
284 4055 351 4098 ¹non
371 4040 647 4116 pro'saerameuto,
672 4039 704 4093 nt
720 4033 875 4101 observat,
900 4037 972 4090 teste
992 4027 1193 4104 casaubono,
1218 4030 1264 4092 lo.

61 4100 203 4203 Heursius.
255 4125 442 4206 Quapropter
481 4121 598 4202 plurimi
633 4120 742 4181 tuissae
771 4115 946 4180 roertlutlutn
980 4117 1017 4177 ub
1043 4117 1100 4178 ritu
1123 4116 1264 4198 populum
1310 4119 1323 4143 ’

62 4189 191 4266 domiteudi
216 4213 381 4274 desumunt.
429 4209 531 4272 bloris
557 4208 625 4268 olim
650 4217 730 4286 erat,
756 4217 804 4281 ut,
830 4225 894 4266 ento
914 4203 945 4264 in
969 4203 1089 4283 judiciis
1110 4205 1265 4268 Romano-

62 4293 115 4342 ΝΜ
129 4307 226 4376 lilledo
240 4299 401 4362 clamabat:
427 4297 480 4359 lli
496 4297 571 4360 net!
586 4294 740 4378 judicibus
757 4291 883 4356 abeundi
897 4290 976 4354 faula
988 4301 1118 4373 potestas
1129 4291 1278 4352 insinua-¹
1371 4331 1380 4347 .
1402 4257 1405 4266 ¹

63 4373 144 4452 'illio
167 4403 238 4462 quae
254 4388 388 4452 'lorruula
411 4388 473 4449 lul
501 4393 619 4467 quoque
644 4382 806 4450 dimittendi
829 4379 952 4444 funeris.
994 4375 1045 4442 Sin
1062 4377 1185 4442 Graecis
1204 4381 1268 4438 erat

102 4471 158 4522 The⁸·
170 4485 269 4567 smirna·
286 4491 311 4531 cb
319 4491 363 4532 rtet
372 4491 402 4534 11.
417 4495 436 4530 e.
1023 4466 1063 4527 15
