2942 4892
358 274 395 336 de
412 279 541 338 veterum
558 269 794 348 christianornm
810 271 927 354 agapis.
1084 293 1088 302 ·
1184 273 1250 344 207

12 445 169 510 lustinus
185 445 230 508 Μ.
240 448 279 528 ἦ).
301 446 349 510 Ex
363 445 484 510 ludaeis
502 468 570 512 vero
587 445 746 511 Christiani
761 443 877 510 sabbati
894 443 979 520 etiam
998 443 1073 507 diem
1091 443 1137 506 bis
1154 446 1250 528 epulis

16 534 234 596 destinabant.
275 534 404 616 Utroque
428 535 525 616 itaque
552 535 599 597 die
624 534 807 598 Christianos
832 534 906 595 baec
930 531 1064 596 convivia
1087 534 1250 598 adornasse

16 626 154 684 erodere
173 621 252 682 licet.
289 621 582 685 ledaco-Christiani
600 623 754 685 sabbatum
772 621 977 701 reservabant,
1002 620 1022 682 ii
1042 641 1120 700 vcro,
1146 621 1250 704 quiex

16 709 196 790 gentilibus
213 700 371 774 Christiani
396 709 465 772 laeti
489 722 573 787 sunt,
599 710 673 772 diem
690 709 763 772 solis
781 708 953 772 retinebant.
991 708 1152 772 Audiamus
1170 710 1250 772 Ter-

17 794 262 876 tullianum**),
285 797 334 878 qui
353 796 412 860 ait:
447 796 591 878 ,‚hche,
618 797 643 860 si
661 798 708 860 die
725 796 799 858 solis
814 795 942 858 laetitiae
959 794 1166 878 indulgemus,
1190 795 1251 860 alia

17 886 121 964 longe
139 883 269 962 ratione,
296 905 382 965 quarn
409 883 554 964 religione
570 885 663 962 solis,
687 886 817 947 secundo
841 882 906 945 loco
930 884 968 946 ab
992 883 1029 946 iis
1054 905 1174 961 sumus,
1199 883 1249 968 qui

19 974 108 1034 diem
126 971 248 1034 Saturni
267 971 324 1034 otio
350 983 377 1034 et
401 972 488 1033 victui
514 975 689 1050 decernunt,
715 971 913 1034 exorbitantes
938 981 966 1034 et
988 971 1044 1052 ipsi
1069 973 1106 1034 ab
1127 973 1249 1055 judaico

19 1083 129 1138 more,
155 1080 241 1140 quem
258 1058 425 1138 ignorant.“
459 1058 638 1122 Tertulliani
655 1059 801 1122 sententia
817 1060 890 1121 baec
907 1069 969 1122 est:
1002 1057 1185 1123 Christianos
1202 1060 1250 1124 die

18 1147 105 1210 solis
129 1145 262 1208 laetitiae
286 1145 468 1224 indulsisse,
499 1148 629 1210 ludaeos
653 1169 721 1211 vcro
750 1148 904 1210 sabbatum
927 1146 1088 1210 retinuisse
1113 1149 1249 1231 huncque

20 1257 142 1297 morem
162 1233 246 1305 etiam
262 1233 390 1313 gentiles
409 1236 594 1298 observasse.
636 1235 754 1297 Clarius
772 1236 845 1298 baec
862 1234 960 1298 omnia
977 1235 1112 1317 exposuit
1127 1236 1158 1298 iu
1174 1236 1250 1299 libro

19 1327 61 1386 ad
83 1320 233 1385 Nationes
243 1321 312 1399 m).
353 1322 427 1384 Cum
451 1322 542 1402 igitur
566 1323 629 1384 dies
654 1321 727 1385 solis
751 1345 788 1386 ex
811 1343 886 1386 nova
901 1321 1136 1386 Christianorum
1154 1323 1249 1402 dis-oi-

19 1412 123 1492 piina,
143 1409 171 1472 is
188 1420 295 1486 autem,
320 1409 368 1490 qui
386 1431 404 1472 a
422 1409 550 1472 Saturno
568 1431 673 1492 nomen
690 1409 786 1488 traxit,
812 1430 891 1472 more
906 1409 1027 1492 judaico
1045 1409 1177 1473 solennis
1194 1411 1249 1474 ha·

22 1503 165 1574 beretur,
181 1493 354 1572 omniasillis
371 1495 476 1560 diebus
491 1497 604 1580 jejunia
620 1497 773 1558 interdicta
788 1492 911 1574 sunt†).
974 1567 976 1576 ‚

119 1585 277 1664 Caeterum
298 1585 366 1666 jore
384 1605 541 1666 possumus
559 1584 723 1666 suspicari,
747 1583 833 1648 etiam
850 1581 917 1646 aliis
933 1581 1126 1646 hebdomadis
1144 1585 1249 1658 diebus

23 1672 222 1736 Christianos
243 1671 288 1734 bis
306 1672 401 1754 epulis
420 1691 560 1749 vacasse,
584 1663 760 1753 praesertim
779 1672 810 1732 in
835 1669 1100 1753 persecutionibus.
1138 1673 1248 1756 Colligi

21 1763 85 1824 boc
103 1779 196 1840 posse
212 1759 326 1822 videtur
344 1781 379 1822 ex
397 1759 545 1842 Cypriane
554 1760 622 1842 ††).
639 1795 680 1806 -
705 1759 733 1844 b.
750 1760 780 1820 5.
806 1757 859 1822 De
881 1758 971 1822 loeo
990 1759 1127 1822 horum
1152 1782 1250 1846 cou-

23 1849 234 1912 viviornm.
267 1847 333 1910 ntia
349 1846 446 1909 adhuc
463 1856 555 1910 restat
570 1846 728 1909 difficultas
745 1846 776 1908 in
792 1845 957 1911 deliniendo
973 1845 1038 1910 loco
1054 1846 1159 1910 horum
1177 1870 1250 1911 cou-

21 1936 177 1999 viriorum
195 1943 224 1996 et
241 1956 275 1996 eo
293 1935 408 1998 cautius
425 1935 698 2016 consideratinsqnc
715 1937 862 2016 agendum
880 1945 925 1998 est
941 1934 971 1996 in
989 1935 1044 1998 bac
1062 1957 1104 2015 re,
1121 1956 1158 2000 ne
1176 1956 1249 2000 nas-

23 2023 127 2086 centis
154 2033 182 2086 et
205 2022 322 2086 adultae
344 2023 403 2106 jam
429 2021 574 2086 ecelesiae
598 2031 728 2104 tempora
751 2022 976 2088 confundamus.
1015 2024 1101 2106 dpud
1119 2024 1250 2087 ludaeos

23 2133 119 2175 sacra
139 2110 272 2173 convivia
290 2113 352 2173 sive
370 2109 400 2172 iu
418 2111 609 2174 conclavibus
627 2111 734 2192 templo
759 2110 963 2194 adjacentibus
988 2110 1051 2174 sive
1075 2111 1106 2195 tp
1130 2113 1250 2193 privatis

23 2200 159 2262 aedibus
178 2209 280 2278 parata
296 2197 390 2260 fnisse
407 2210 531 2266 constat.
568 2197 642 2260 llluc
660 2199 793 2262 convivia
809 2197 839 2260 in
864 2197 1017 2262 sacrificiis
1035 2198 1142 2262 usitata
1158 2202 1250 2282 perti-

23 2285 243 2362 nebant†††),
263 2287 320 2347 huc
336 2307 404 2347 vero
421 2307 474 2348 eae
491 2285 606 2368 epulae,
623 2308 697 2370 quae
714 2287 743 2348 in
760 2287 929 2350 memoriam
947 2285 1155 2348 beneficiorum
1173 2287 1250 2348 diri·
1301 2301 1308 2308 “

23 2395 137 2437 ιιοιιιιιι
157 2394 175 2435 a
192 2373 324 2453 patribus
341 2373 468 2437 humilias
485 2373 722 2436 instituebantur.
756 2372 913 2436 Christiani
932 2371 1084 2453 primitivi,
1105 2371 1155 2454 qui
1173 2373 1250 2436 bunc

24 2481 179 2524 moreura
204 2460 344 2523 conviviis
364 2461 492 2542 judaieis
517 2463 733 2525 transferebant
756 2472 784 2523 et
808 2460 1014 2537 reservabant,
1038 2480 1153 2542 agapas
1178 2483 1250 2526 suas

25 2551 219 2613 celebrarunt
237 2550 268 2610 in
287 2547 443 2611 domiciliis
461 2547 580 2630 privatis
592 2543 684 2631 (κατ’
702 2544 796 2611 ciaon.
817 2549 880 2613 det.
896 2546 928 2626 2,
944 2545 1023 2631 lb).
1046 2548 1249 2614 Ecclesiarnm

24 2637 211 2726 privatarum
228 2638 399 2717 frequenter
416 2635 522 2700 mentio
539 2636 570 2699 fit
585 2635 616 2698 in
634 2635 767 2717 epistolis
786 2635 884 2698 Pauli.
910 2633 1029 2700 Salutat
1044 2636 1122 2702 enim
1138 2638 1249 2720 passim

25 2745 179 2806 personas
194 2745 222 2787 v.
239 2746 266 2786 c.
284 2713 455 2806 Nymphon,
473 2725 607 2806 Appiam,
624 2723 803 2804 Archippum
820 2722 870 2784 καὶ
886 2712 945 2804 τὴν
962 2717 1028 2785 κατ’
1046 2721 1131 2788 οἴκοι
1150 2719 1251 2788 αὐτοῦ

25 2807 198 2892 ἐκκλησίαν
215 2812 316 2892 (Rom.
335 2809 438 2890 16‚5;
458 2815 473 2874 1
496 2813 564 2876 Cor.
583 2809 634 2888 16,
654 2813 712 2889 19,
731 2809 797 2875 Col.
813 2809 845 2885 4,
866 2808 942 2891 15.).
975 2811 1117 2892 Sequitur
1133 2811 1249 2898 exinde,
1316 2878 1320 2886 ,
1352 2855 1354 2860 ·
1408 2899 1411 2912 ἢ

25 2900 59 2960 iu
80 2899 208 2961 aedibus
232 2897 351 2960 illorum
373 2897 441 2962 loca
463 2899 560 2962 luisse
581 2897 676 2962 sacris
698 2896 885 2980 peculiariter
902 2897 1063 2976 destinata,
1087 2897 1118 2958 iu
1142 2898 1250 2982 quibus

26 2985 250 3050 conveniebant
266 2985 439 3050 Christiani.
466 2987 591 3051 ‘Facere
614 2987 671 3048 hoc
695 2987 856 3061 debebant,
880 2983 949 3066 quia
973 3003 1114 3047 numerus
1140 3007 1249 3066 eornm,

26 3075 80 3156 qni
97 3074 185 3137 fidem
202 3075 233 3136 in
251 3073 401 3137 Christum
425 3075 636 3156 profitebantur
650 3081 852 3136 succresceret
869 3079 898 3134 et
920 3071 1002 3136 locus
1026 3071 1056 3134 in
1079 3093 1138 3134 uno
1155 3073 1251 3136 domi·
1312 3093 1314 3098 ·

28 3163 100 3224 cilio
118 3184 179 3224 non
203 3161 363 3230 sufficeret.
403 3163 539 3246 Templis
565 3163 659 3244 eninr,
686 3160 820 3250 basilicis
844 3158 978 3244 locisque
1003 3163 1040 3224 ab
1057 3157 1126 3230 aliis
1141 3160 1248 3226 usibus

22 3311 259 3336 ’,ιι-*αι*

100 3384 130 3448 *t
150 3384 258 3452 apolog.
277 3388 304 3442 2.
324 3391 350 3454 p'.
370 3387 422 3438 ets
456 3377 523 3447 Τήν
539 3383 572 3439 δὲ
589 3387 638 3438 τοῦ
656 3379 736 3450 ἡλίου
754 3380 868 3457 ἡμέραν,
890 3385 969 3457 κοινῇ
986 3378 1089 3444 πάντες
1105 3379 1266 3468 abnouae.

27 3455 125 3507 laedor
148 3447 325 3522 ποιούμεθα·
351 3450 449 3524 &merdin
472 3448 568 3522 πρώτη
588 3455 664 3510 ἐστὶν
680 3451 785 3525 ἡμέρα,
811 3449 875 3526 ἐνῇ
898 3449 913 3507 ri
936 3450 1004 3514 Θεὸς
1027 3450 1058 3508 τὸ
1084 3467 1183 3512 senece
1201 3453 1249 3506 and

28 3519 79 3585 τὴν
101 3516 170 3587 ὕλην
189 3525 299 3592 τρέψας,
319 3515 429 3592 κόσμον
446 3521 568 3590 ἐποίησε.
599 3524 655 3576 Καὶ
672 3525 772 3593 Ιησοῦς
788 3519 909 3596 Χριστὸς
928 3517 943 3576 ὁ
962 3517 1091 3594 ἡμέτερος
1107 3519 1249 3598 antipyrgi

28 3589 104 3663 αὐτῇ
120 3585 209 3661 ἡμέρᾳ
229 3591 260 3644 ἐκ
279 3592 385 3659 νεκρῶν
401 3588 510 3657 ἀνέστη.
640 3621 645 3626 -
1204 3599 1207 3604 ’
1249 3612 1251 3618 ’

80 3658 143 3722 -”)
164 3661 273 3727 Apolog.
288 3663 330 3714 tn.
350 3679 375 3730 p.
396 3661 438 3714 lh.

97 3729 156 3792 lll)
179 3731 243 3798 Cap.
265 3731 307 3783 13.
333 3747 359 3798 p.
383 3731 435 3783 noe
472 3729 552 3795 „Alii
576 3731 651 3798 plane
678 3732 843 3784 inhumanius
867 3731 947 3782 solem
971 3729 1140 3782 christianum
1165 3728 1248 3782 Deum

23 3799 187 3862 aestimant,
209 3800 276 3865 qnod
293 3799 453 3861 innotuerit,
473 3800 506 3850 ad
525 3799 632 3851 orientis
650 3809 751 3867 partem
769 3801 856 3853 iacere
875 3815 922 3850 uos
940 3798 1125 3866 precationem,
1144 3799 1188 3853 vel
1205 3799 1247 3856 die
1300 3843 1305 3850 .

29 3869 92 3919 solis
112 3868 245 3920 laetitiam.
261 3885 364 3920 curare.
402 3867 469 3933 Quid
487 3883 533 3919 vos
550 3868 634 3920 minua
654 3869 763 3924 facitis?
786 3899 821 3912 —
846 3867 898 3919 Vos
916 3873 988 3918 certe
1005 3865 1083 3932 estis,
1106 3868 1150 3934 qui
1168 3867 1248 3920 etiam

30 3936 55 3986 in
75 3937 231 3988 laterculum
250 3945 348 4005 septem
373 3937 471 4006 dierum
491 3937 570 3988 solem
589 3939 740 4005 recepistis,
767 3945 843 3989 etex
860 3936 952 3988 diebus
970 3935 1053 4002 ipsum
1071 3937 1247 4003 praelegistis,

30 4021 79 4072 quo
100 4006 142 4058 die
162 4006 295 4057 lavacrum
314 4004 475 4058 subtrahatis
493 4006 578 4056 autin
597 4021 731 4074 vesperam
750 4006 886 4069 differatis,
906 4011 952 4056 aut
970 4004 1049 4056 otium
1067 4012 1094 4058 et
1112 4007 1248 4073 prandium

30 4076 139 4137 curctis,
161 4076 228 4141 quod
247 4076 349 4140 quidem
368 4075 454 4126 facitis
473 4074 650 4125 exorbitantes
669 4083 696 4126 et
714 4075 764 4142 ipsi
784 4091 798 4128 a
818 4073 911 4125 vestris
930 4073 962 4124 ad
981 4073 1080 4125 alienas
1097 4075 1246 4140 religiones.

29 4143 123 4196 ludaei
142 4145 210 4196 enim
229 4143 305 4204 festi,
325 4144 452 4208 sabbata,
475 4149 502 4194 et
517 4157 598 4194 coena
617 4159 692 4210 pura,
712 4151 740 4195 et
755 4143 858 4195 ludaici
876 4143 943 4194 ritus
961 4142 1142 4209 lucernarum,
1164 4152 1191 4196 et
1207 4145 1248 4210 je·

26 4213 102 4278 junia
122 4229 180 4264 num
201 4213 298 4280 azymis
316 4220 343 4264 et
361 4213 493 4264 orationes
513 4211 640 4277 literales,
660 4227 725 4278 quae
743 4212 832 4278 utique
851 4211 938 4262 aliena
958 4217 1019 4262 snut
1039 4227 1054 4264 a
1073 4213 1123 4264 diis
1141 4213 1245 4270 vestris.

98 4280 134 4349 †)
157 4280 298 4333 Constitui.
318 4280 460 4349 Apostolic.
482 4283 507 4346 5,
527 4281 577 4350 203
599 4279 624 4348 l,
643 4281 696 4343 243
715 4280 741 4344 8,
760 4281 803 4334 33.
822 4277 977 4333 Tertulliau.
994 4279 1025 4331 de
1040 4280 1088 4346 jeJ'.
1105 4281 1151 4348 il.
1308 4335 1310 4342 ,

76 4351 152 4433 ᾖ)
176 4350 214 4450 li‘e
230 4358 298 4404 orat.
318 4351 440 4404 dominic.
470 4366 496 4420 p.
516 4349 583 4404 147:
620 4348 840 4416 „Eucharistiam
860 4350 975 4418 quotidie
993 4350 1032 4408 ad,
1046 4351 1132 4404 cibum
1151 4348 1244 4402 salutis

30 4435 182 4489 accipimus.

94 4491 173 4560 Τῇ)
193 4485 317 4543 Philode
334 4486 417 4557 plant.
436 4485 519 4544 Noae.
540 4505 567 4560 p.
585 4485 646 4546 237.
