2968 4896
226 269 289 333 reo
612 263 745 332 xxnrr.
790 266 827 330 a.
843 253 1049 348 unnang
1096 303 1098 306 -

225 463 258 506 re
275 444 349 504 mieo
365 437 454 502 (lubia
472 445 500 500 et
522 445 628 502 vexata
651 439 701 504 rix
719 439 973 522 proferrenonne,
997 439 1025 502 si
1042 447 1138 502 antem
1158 437 1225 520 quii
1241 435 1302 500 reri
1322 436 1432 498 similli-

226 551 302 594 mum
319 528 357 590 sit
373 527 532 609 quaeritur,
549 547 607 588 non
624 527 739 590 inficias
755 527 814 606 ibo,
832 529 1000 592 existimare
1016 527 1149 590 mobanc
1162 526 1340 588 locationem
1358 547 1431 587 com·
1463 565 1464 604 ,

225 615 394 681 arctissime
412 618 447 678 de
465 615 607 695 baptismo
630 615 914 696 illoram'inteliigi‚
939 617 988 697 qni
1005 616 1036 677 in
1052 613 1149 677 locum
1166 623 1365 692 mortuorum,
1391 614 1432 674 in·
1456 617 1464 676 l

225 699 1433 788 mmmmmmmmfflwmmmfflmmfflmmnwhfflm

138 864 141 868 ,
228 791 424 867 calamitate,
432 791 505 876 ¹liutet
521 789 716 854 imminentem
733 802 761 854 et
777 790 932 855 violentam
944 803 1064 854 mortem
1077 787 1164 873 quasi
1178 795 1245 854 ante
1263 789 1368 852 oculos
1384 789 1434 850 bo-

225 878 517 960 mfflmfflwb
1463 925 1464 958 ,

314 961 1436 1046 ffifflmfflmmmwmmmmmmmmffifflmi

227 1063 350 1120 aetatem
373 1056 408 1114 de
423 1052 484 1113 iliis
501 1051 552 1134 qni
577 1056 613 1114 ad
630 1053 705 1116 ritae
722 1055 931 1116 extremitatem
955 1053 1052 1115 studio
1076 1053 1251 1133 baptismum
1276 1051 1435 1132 procrasti-

226 1153 352 1217 nurunt,
379 1138 490 1222 aliquid
508 1140 611 1218 refert,
639 1141 703 1222 ejus
728 1162 798 1204 vero
821 1153 949 1222 tempore
973 1143 1047 1203 baec
1071 1161 1162 1221 prava
1178 1143 1363 1202 consuetudo
1381 1150 1436 1200 urta

228 1252 294 1294 esse
310 1231 433 1291 ridetur.
471 1228 508 1288 lit
529 1227 593 1289 sine
611 1219 699 1289 dubio
717 1249 753 1290 ex
777 1227 850 1310 ipsiu
868 1226 1046 1291 Tertulliani
1064 1228 1197 1309 baptismi
1215 1227 1361 1288 iniantnm
1379 1227 1434 1288 dis-

229 1314 1435 1400 smMMstmwwMMwfflmmmffimmfflmfflmm

228 1401 1436 1485 immunlmcmmanmmummmmfimmm,m,mmmdmmmdm·

230 1485 1464 1572 irissrmrpeditatmbiuerimomnptimriaostmemumaiicongrunmetpicrrn-¹

230 1585 306 1655 dnm,
324 1585 408 1661 siquo
426 1577 470 1640 rel
489 1578 637 1641 levissima
652 1579 721 1641 boni
738 1575 867 1661 rectique
885 1579 1000 1661 specics
1018 1579 1096 1640 adsit
1113 1579 1324 1660 praetendiqne
1341 1577 1434 1660 possit,
1463 1621 1464 1626 η

229 1689 267 1731 no
284 1687 403 1749 prorsus
426 1669 539 1747 absque
556 1667 634 1728 omni
657 1668 770 1729 ratione
795 1667 894 1748 egisse
917 1668 1086 1745 videamur,
1109 1667 1139 1727 id
1158 1667 1243 1748 quasi
1268 1667 1378 1738 hiante
1393 1685 1435 1726 ore
1463 1691 1464 1744 p

231 1767 380 1836 captemus
405 1753 569 1834 malamque
595 1754 642 1836 (ut
665 1775 738 1818 usus
761 1775 866 1837 reapse
890 1755 1069 1837 experiundo
1095 1757 1193 1838 docet)
1219 1755 1312 1836 serpit
1335 1753 1434 1835 illoque
1463 1745 1464 1756 ¹

231 1846 357 1906 nondam
371 1840 496 1903 allectos
513 1840 613 1904 inficit.

317 1927 1437 2010 PmmwmmmwmmmwMMmmssmffimm

189 2035 194 2046 ·
232 2037 290 2098 qua
308 2035 416 2096 snpra,
438 2014 573 2094 inprimis
591 2015 694 2076 Novati
712 2028 739 2076 et
755 2016 908 2078 Noratiani
925 2039 1006 2078 error
1021 2015 1097 2078 hano
1115 2037 1233 2098 pravam
1251 2013 1437 2078 consuetudi-

232 2101 1436 2185 nmpmmmmqmsmimmmmmmmummmcmmmmmmmml

231 2189 325 2270 lapsis
342 2197 497 2268 negarant,
515 2185 641 2267 rigorem
659 2191 695 2249 ari
714 2201 832 2268 peccata
849 2203 914 2270 post
931 2191 1102 2272 baptismum
1120 2191 1259 2268 admissa,
1281 2193 1436 2253 extenden-

232 2289 294 2356 tcs,
320 2277 396 2338 uude
414 2294 446 2336 sc
463 2275 550 2336 etiarn
565 2265 727 2355 καθ’άροας
743 2279 902 2356 vocabant,
928 2281 1003 2360 quod
1023 2279 1088 2360 post
1106 2279 1278 2359 baptismam
1296 2300 1354 2339 non
1372 2298 1438 2358 pce-

161 2373 163 2377 '
233 2373 351 2429 cassent
368 2371 397 2426 et
414 2373 480 2444 pust
494 2363 575 2424 illum
594 2363 776 2444 poenitentes
795 2387 852 2426 non
871 2361 1064 2446 susciperent,
1082 2373 1154 2429 teste
1171 2365 1360 2443 Hieronymo.
1397 2365 1438 2425 De

232 2449 1437 2540 qmmwmmmmfflbwssfflmwfflmmMMQmffl

231 2541 452 2618 sipuibcuoorom
478 2541 516 2600 uri
536 2549 771 2600 sacramentorum
788 2547 1003 2602 communionem
1019 2544 1202 2604 admittendos
1218 2563 1274 2602 raon
1288 2563 1346 2602 esso
1366 2527 1437 2604 coris

232 2621 311 2706 μετὰ
327 2615 363 2686 τὸ
380 2619 542 2706 βάπτισμα
559 2625 604 2694 εἷς
619 2615 764 2688 θάνατον
779 2622 932 2707 ἁμαρτίαν
947 2620 1168 2708 πεποιηκότας,
1193 2633 1260 2690 oliis
1274 2630 1379 2709 quidem
1394 2631 1435 2686 oi·
1463 2635 1464 2640 ’

233 2715 348 2776 deluton
364 2715 464 2774 uuerbe
478 2723 503 2774 et
517 2719 632 2775 immitis
649 2715 731 2776 barinos
746 2719 856 2794 aepulae
870 2719 1071 2796 promoturum
1091 2719 1142 2778 ulii
1156 2707 1219 2779 uero
1233 2719 1305 2778 bono
1321 2716 1437 2794 rapulam

124 2881 128 2888 ¹
231 2804 336 2879 iustum
350 2811 503 2882 rectumque
519 2803 715 2882 suscipiebant.
754 2809 947 2866 Nouatiouum
967 2803 1097 2881 dixisse,
1121 2801 1271 2884 lapsorum
1288 2802 1436 2885 poeniten·

299 3020 327 3091 *)
347 3023 384 3075 lie
406 3022 485 3075 variis
505 3023 580 3088 hujus
600 3024 662 3076 dieti
681 3025 939 3094 interpretationibus
955 3026 1009 3092 jorn
1028 3033 1116 3093 posset
1135 3027 1214 3078 scribi
1233 3026 1353 3078 historia.
1389 3023 1436 3088 ligo

232 3092 334 3146 iliarum
351 3093 569 3144 enumerationem
585 3093 639 3158 jam
658 3109 707 3144 uon
726 3097 848 3162 suscipio,
870 3112 944 3162 quum
963 3096 1028 3146 aiios
1046 3095 1077 3145 ad
1095 3111 1143 3146 saa
1162 3111 1241 3162 usque
1259 3102 1377 3162 tempora
1395 3107 1435 3142 noa

231 3164 288 3214 siue
312 3163 398 3214 fructu
425 3161 569 3212 instituisse
595 3163 708 3213 memini.
746 3163 827 3228 Quum
849 3180 927 3230 supra
947 3163 1006 3214 dorii
1030 3163 1184 3230 explicatio,
1211 3165 1301 3216 cadem
1323 3165 1349 3214 ni
1370 3155 1437 3214 latior

232 3240 291 3298 est,
318 3245 392 3297 qnam
418 3227 589 3280 defenderunt
608 3229 676 3280 lac.
698 3232 906 3298 Bernartius,
935 3234 1007 3286 iob.
1037 3232 1216 3297 Clericus,
1245 3231 1435 3291 Woienius,

233 3298 446 3366 iieylingius‚
467 3295 614 3348 Wollins
633 3305 660 3348 et
677 3299 924 3367 Creygbtonus,
962 3301 1034 3366 Quae
1053 3317 1085 3352 ex
1101 3301 1234 3354 Olearii
1251 3302 1315 3352 riiss.
1335 3303 1367 3350 de
1384 3301 1436 3362 bup-

232 3369 306 3416 tiemo
323 3383 373 3429 pro
392 3366 497 3414 mortuis
521 3363 548 3430 §.
570 3365 680 3418 11-13.
716 3367 927 3420 lieurnannus
947 3371 964 3422 l.
985 3387 1008 3420 c.
1034 3377 1061 3420 et
1080 3386 1112 3420 ex
1131 3371 1179 3420 boc
1199 3372 1224 3422 i.
1245 3370 1274 3422 C.
1295 3369 1435 3420 Wollins

234 3435 259 3486 in
279 3437 349 3482 curis
364 3433 454 3497 philol.
473 3433 505 3483 ati
523 3433 548 3482 b.
568 3433 586 3483 l,
605 3440 667 3484 tom.
686 3435 712 3487 3.
731 3453 756 3502 p.
773 3439 832 3492 ata.
851 3445 942 3489 contra
961 3440 1027 3488 banc
1045 3439 1285 3506 interpretationem
1304 3439 1401 3505 proiert
1415 3435 1434 3484 in

233 3502 361 3554 medium:
390 3517 461 3550 uerno
485 3517 549 3550 sune
572 3509 696 3570 tuaquom
716 3507 742 3551 in
762 3507 845 3554 locum
867 3509 1010 3557 Christiani
1027 3512 1136 3572 uteriui,
1160 3509 1203 3556 uti
1220 3509 1303 3556 coecis
1321 3506 1436 3556 militibus
1463 3515 1464 3540 t

233 3573 282 3620 atii
297 3569 474 3636 sufficiuntur,
494 3571 541 3618 sod
550 3587 601 3634 pro
618 3588 646 3620 se
661 3573 768 3640 quisque
783 3574 934 3640 baptizatur
950 3593 996 3624 nec
1011 3579 1147 3644 quisquam
1164 3579 1325 3626 tremescente
1340 3573 1436 3625 ecclesio

233 3641 290 3689 ideo
307 3657 335 3690 se
352 3640 436 3688 curris
455 3639 559 3687 initiari
574 3637 644 3700 serit,
664 3648 694 3687 ut
710 3642 799 3691 occisis
816 3642 972 3709 succederet,
992 3645 1039 3694 sed
1055 3653 1085 3692 ut
1105 3663 1169 3695 sune
1188 3647 1331 3695 consuleret
1349 3641 1434 3700 saturi,

233 3709 303 3760 iliam
323 3724 372 3758 non
391 3707 471 3757 solnm
493 3723 542 3756 uon
561 3707 712 3773 destruunt,
741 3710 785 3760 sed
806 3727 836 3761 ne
856 3712 981 3762 incertam
1001 3713 1102 3778 quidem
1123 3718 1270 3776 (attamen
1291 3707 1434 3780 opinantur)
1463 3727 1464 3756 t

233 3779 353 3828 reddunt.
391 3775 447 3827 Non
468 3776 675 3838 erimantium,
704 3779 770 3828 banc
792 3779 823 3829 da
845 3795 893 3845 quo
912 3779 1019 3831 Panium
1040 3781 1110 3848 inqui
1131 3775 1433 3848 sentiobapttsmmnut
1463 3763 1464 3850 l

234 3847 274 3896 bis
294 3846 438 3896 bominibus
463 3845 489 3896 in
509 3845 618 3896 salntem
638 3846 680 3896 vel
701 3847 814 3898 violenta
833 3849 874 3898 vei
895 3849 1007 3900 naturali
1027 3857 1054 3900 et
1077 3851 1180 3916 placida
1204 3857 1285 3901 morte
1312 3851 1434 3902 deiuncta-
1463 3853 1464 3904 t

233 3929 289 3965 rum
308 3921 456 3980 susceptam
475 3913 570 3980 inisse,
600 3915 645 3964 sed
670 3921 699 3964 ut
718 3931 781 3966 snae
800 3917 966 3968 consulerent
990 3918 1084 3979 soluti;
1112 3919 1228 3985 quamvis
1247 3921 1349 3973 omnino
1368 3913 1433 3968 simul
1463 3915 1464 3970 ἴ

234 3984 423 4032 successionem
442 3981 570 4034 inlocum
590 3981 783 4049 defunctorum,
812 4001 844 4036 ex
863 4002 969 4052 qnorum
996 3988 1131 4038 occasione
1150 4003 1329 4055 nonnunquam
1349 3980 1432 4038 (ibristi
1463 4003 1464 4012 α

188 4107 192 4111 ,
235 4063 325 4099 nornen
345 4049 541 4115 profitebantur,
563 4051 744 4117 cogitaverint,
766 4069 797 4104 ne
816 4061 896 4106 toturn
915 4055 1018 4106 tandem
1034 4055 1136 4121 jaceret
1156 4057 1250 4108 sensim
1271 4064 1351 4108 morte
1369 4051 1433 4106 nanti·
1463 4055 1464 4062 ’

234 4119 315 4169 lutum
338 4133 440 4183 corpus.
478 4117 524 4182 Et,
552 4120 574 4168 si
593 4121 653 4184 quid
671 4123 763 4186 viden,
789 4122 835 4173 iiia
862 4140 877 4174 a
903 4123 954 4175 Fr.
976 4125 1182 4190 Spaubemio
1209 4126 1355 4190 adstructo,
1382 4129 1432 4174 eta

233 4184 508 4267 Wolfio·afioptatu
525 4187 672 4250 sententia,
682 4206 772 4256 parurn
789 4192 832 4242 vei
846 4193 910 4243 nibil
928 4193 1013 4244 differt
1027 4193 1059 4243 ab
1077 4194 1124 4244 iiia
1141 4210 1155 4244 a
1173 4209 1212 4245 me
1226 4196 1280 4258 jam
1296 4191 1431 4262 propositam

234 4271 259 4306 ια
282 4270 332 4320 qua
353 4255 417 4304 nrbri
438 4268 578 4332 coenosae,
608 4257 674 4322 qnod
695 4274 751 4309 cum
770 4275 861 4311 vocum
882 4262 985 4312 notione
1005 4262 1071 4312 alias
1098 4269 1203 4330 recepta
1232 4265 1273 4314 vei
1302 4279 1356 4314 cum
1374 4257 1431 4310 serit

235 4331 261 4376 et
274 4339 351 4391 scopo
370 4322 494 4372 orationis
505 4320 639 4388 Paulinae,
659 4325 769 4392 denique
788 4344 845 4379 curn
859 4335 929 4380 statu
944 4336 971 4380 et
984 4331 1130 4382 conditione
1145 4331 1272 4382 ecciesiae
1288 4331 1431 4384 christianae
1463 4337 1464 4340 ’

234 4392 305 4444 iliius
325 4391 419 4443 aetatis
440 4405 495 4470 non·
511 4391 671 4470 consentiam
697 4396 789 4448 saitem
813 4413 870 4450 cnm
889 4397 935 4466 iiia
955 4399 1089 4451 conciliari
1112 4407 1199 4468 potest
1217 4408 1244 4452 et
1262 4399 1380 4464 coniungi
1397 4410 1431 4462 op·
1463 4371 1464 4456 l

235 4462 307 4530 aare,
328 4468 359 4514 ut
375 4459 418 4512 vei
436 4473 470 4510 ex
484 4471 539 4526 Jnrn
558 4459 634 4511 dacus
652 4470 770 4529 apparet.
1463 4465 1464 4494 t
