2944 4898
524 1135 739 1256 xxvur.

49 1345 87 1429 Η.
121 1349 211 1435 Th.
255 1351 589 1441 Tzsnhirner
626 1357 680 1442 de
717 1355 847 1442 sacris
877 1355 1056 1469 publicis
1085 1360 1240 1446 abaco·

64 1585 68 1592 ,
170 1607 174 1612 .
263 1489 391 1594 clesia
422 1503 566 1577 vetere
596 1492 782 1578 studiose
812 1489 934 1577 cultis
947 1490 997 1604 ⁴⁸).
1181 1485 1184 1492 ’

26 1599 30 1790 i
86 1780 92 1790 .
112 1735 209 1811 Quum
226 1737 350 1818 quilibet
367 1761 402 1804 ca
424 1742 606 1822 potissimum
625 1742 719 1804 soleat
735 1742 885 1819 meditari,
911 1762 987 1822 qnae
1003 1743 1100 1822 ipsum
1118 1741 1240 1822 propius

49 1819 169 1900 attingunt
187 1835 216 1885 ct
243 1826 375 1889 erebrius
393 1828 489 1890 animo
513 1829 607 1909 ipsius
634 1832 840 1904 obversantur,
864 1847 929 1904 nos,
954 1827 1003 1908 qni
1028 1831 1241 1907 perscrutanda

48 1925 121 1968 rernm
145 1907 370 1974 christianarum
394 1915 533 1979 memoria
551 1915 746 1988 delectamur,
769 1915 810 1976 ita
834 1933 1045 1994 saepenumero
1069 1924 1194 1976 veterem
1212 1924 1241 1976 et

46 1996 214 2060 recentiorem
233 2000 419 2080 contemplati
436 2022 539 2072 sumus
558 2001 725 2076 ecclesiam,
743 2012 774 2062 ut
789 2021 877 2064 unam
895 2023 960 2065 cum
976 1999 1070 2063 nitera'
1086 2021 1257 2082 compara-·

44 2098 135 2146 remus.
167 2086 253 2162 Quod
271 2105 361 2167 saepe
377 2089 685 2162 animadverteramns,
702 2088 851 2150 historiam
869 2099 927 2150 tom
946 2091 1059 2151 deornm
1077 2088 1134 2149 dici
1152 2107 1240 2168 posse
1307 2121 1311 2130 ,
1330 2126 1335 2130 -

26 2167 160 2244 {optimam
176 2173 255 2234 vitae
273 2174 457 2252 magistram,
484 2198 571 2256 quum
589 2177 723 2238 idoneam
739 2175 885 2238 rariorum
909 2184 1068 2257 temporum
1085 2174 1239 2238 instituere

43 2253 113 2314 rtoect
127 2261 378 2339 comparationem,
397 2262 435 2340 id,
451 2263 556 2325 veteris
574 2255 719 2326 eeclesiae
737 2265 868 2340 decreta,
888 2263 964 2324 ritus
978 2272 1006 2324 et
1022 2262 1157 2326 instituta
1173 2263 1239 2324 cnm

43 2338 154 2420 ninivitis,
178 2346 310 2408 moriims
333 2359 361 2409 et
376 2349 471 2411 forma
487 2351 658 2413 recentioris
675 2349 819 2412 ecciesiae
837 2349 1021 2412 conferentes
1037 2351 1132 2410 denno
1149 2348 1239 2414 intel-

41 2421 161 2492 leximus.
184 2435 227 2494 Ae
244 2455 333 2514 quum
348 2435 436 2498 facile
448 2439 587 2516 angurari
605 2437 763 2518 possimne,
783 2458 848 2500 esse
865 2457 923 2498 non
935 2435 1121 2516 pannosum
1136 2437 1238 2496 eadem

42 2532 123 2576 rerum
140 2519 364 2582 christianarum
378 2524 565 2586 meditatione
579 2525 769 2600 delectentur,
778 2524 882 2604 „planet
898 2523 1025 2603 aliquam
1042 2521 1239 2585 institutorum

26 2599 133 2663 treteris
150 2606 423 2688 ecetesiaotparnm
441 2631 579 2672 enarrare
604 2609 632 2674 et
657 2611 804 2672 disserere
826 2631 922 2692 pauca
947 2613 982 2671 de
998 2609 1092 2670 sacris
1109 2607 1237 2688 puhlicis

26 2688 69 2745 nir
85 2689 206 2753 ecclesia
224 2703 321 2756 vetere
343 2697 475 2759 studiose
498 2698 595 2760 cultis.
634 2699 671 2760 Ut
694 2698 769 2760 enim
786 2699 843 2760 huc
867 2697 994 2758 animum
1010 2699 1238 2772 adverteremus,

26 2793 117 2836 trausa
138 2777 203 2839 tate
219 2780 286 2860 ipsa
308 2793 472 2846 nostrorum
499 2795 658 2864 temporum
684 2785 768 2846 ratio.
806 2785 880 2846 Nam
899 2805 956 2865 quo
972 2783 1067 2864 magis
1076 2783 1237 2844 ¹rescivisse

26 2857 27 2892 i
43 2859 154 2926 videmus
170 2887 268 2928 rerum
285 2888 434 2931 sacrarum
452 2891 579 2932 amorem
598 2883 626 2933 et
644 2871 837 2948 desiderium,
862 2893 919 2950 quo
936 2871 1034 2950 plures
1050 2869 1127 2931 inter
1139 2869 1238 2930 homi-

45 2964 82 3008 ues
97 2962 212 3015 nostros
230 2956 426 3036 rermriuntnr,
444 2957 492 3037 qni
509 2961 648 3037 recedere
661 2979 680 3020 a
693 2969 842 3019 sacrorum
859 2955 1060 3018 nonrarunione
1073 2955 1152 3032 hand
1167 2975 1237 3016 eru·
1264 2953 1271 2966 '

45 3031 154 3115 bescant,
181 3063 298 3121 quorrnc
315 3043 435 3124 saepius
451 3045 482 3106 in
500 3044 618 3124 templa,
642 3064 716 3123 qnae
734 3043 876 3118 desolata,
899 3052 927 3102 et
943 3041 974 3100 iu
989 3060 1066 3112 aras,
1090 3059 1166 3120 quae
1183 3042 1237 3100 do-

46 3133 119 3186 sertae
134 3125 192 3190 diei
211 3139 328 3210 queant,
345 3129 521 3193 incidimus:
547 3153 581 3192 co
599 3130 696 3210 magis
713 3139 741 3192 ct
757 3129 890 3205 consitio,
913 3147 971 3206 quo
987 3127 1060 3188 haec
1076 3125 1237 3207 suscipitur

46 3209 158 3290 scriptio,
186 3224 214 3275 et
233 3225 398 3296 temporum
412 3228 575 3292 nostrornm
592 3217 756 3280 rationibus
782 3224 1009 3278 consentaneum
1032 3213 1237 3292 indicavimus,

47 3313 110 3369 qnam
126 3301 258 3364 studiose
272 3323 357 3364 saera
375 3305 493 3384 publicu
511 3325 529 3366 a
545 3304 694 3368 veteribus
710 3302 885 3366 Christianis
902 3302 981 3364 uuita
997 3302 1114 3378 suerint,
1131 3303 1236 3373 docere
1265 3379 1267 3386 Α

48 3389 65 3439 tt
78 3405 174 3449 causas
192 3387 359 3468 religionis,
378 3391 458 3454 cuitu
476 3413 575 3454 eorum
592 3394 742 3472 probatae,
761 3405 942 3453 enunrerarc.
1003 3473 1007 3478 .

112 3474 231 3536 Veteres
248 3478 562 3556 automChristiauos,
586 3480 606 3541 i.
624 3501 650 3540 e.
667 3477 852 3540 Christianos
875 3487 942 3540 ante
960 3474 1146 3566 Constantini
1162 3483 1236 3538 tcm-

48 3571 106 3633 ttra,
128 3581 213 3623 saera
231 3563 349 3642 pontina
365 3567 518 3626 admodum
537 3565 671 3627 studiose
688 3564 827 3642 coluisse,
852 3566 957 3626 docent
978 3563 1102 3644 primunr
1120 3567 1191 3624 cu'ra
1208 3573 1237 3624 et

48 3639 151 3724 solertia,
169 3669 255 3730 qnam
272 3649 303 3710 in
320 3641 481 3728 condendis
497 3652 535 3716 iis
554 3663 582 3716 et
598 3651 742 3732 augendis
759 3649 939 3732 posuerunt3
965 3650 1069 3713 deinde
1085 3649 1237 3728 reiigioet

49 3737 213 3812 verecundia,
225 3758 283 3816 qua
299 3759 335 3800 ea
351 3740 563 3815 observarunt,
582 3761 668 3822 porro
686 3739 850 3804 constantia
868 3759 978 3814 eornm,
997 3757 1055 3817 qna
1070 3737 1124 3797 nen
1141 3735 1236 3797 mole-

49 3813 94 3878 ntiis
109 3841 158 3884 nce
174 3815 314 3903 periuriis
333 3847 350 3887 a
366 3827 476 3888 Decet
493 3826 610 3890 Christo
635 3825 753 3906 publice
778 3829 926 3890 adorando
944 3823 1038 3884 arceri
1052 3831 1246 3906 -potuerunt3,

45 3899 151 3985 ,deniqne
164 3911 340 3975 desidorium
358 3913 522 3976 revertendi
540 3905 577 3974 ad
602 3915 723 3976 fratrum
741 3921 917 3986 conventus,
943 3911 973 3970 in
995 3910 1032 3972 iis
1049 3908 1236 3974 animadver-

50 3993 139 4055 tendum
156 3997 348 4081 Christianis,
375 4000 423 4080 qni
442 4002 547 4063 abesse
570 4001 645 4062 iussi
663 4002 781 4064 fueraut
799 4001 841 4062 ab
859 3997 1004 4071 ecelesiae
1023 3997 1236 4061 communione.

26 4070 80 4160 ‚Dr
95 4081 190 4158 quitum
207 4085 334 4164 singuiis
353 4087 491 4168 deinceps
509 4088 631 4152 dicetur.
698 4148 700 4156 ,
1328 4160 1330 4162 ,

116 4167 225 4232 Christo
243 4175 334 4236 rebus
350 4175 489 4236 humanis
504 4187 632 4252 exemto,
656 4177 760 4236 crebro
779 4173 935 4236 convenire
952 4170 1088 4236 solebant
1112 4169 1237 4253 apostoli

52 4264 180 4336 eorumque
198 4259 282 4321 amici
300 4281 379 4322 nunu
396 4262 555 4344 intemplo,
574 4283 653 4324 nuuc
664 4262 694 4322 in
706 4262 829 4324 aedibus
845 4259 976 4343 privatin,
993 4281 1079 4324 sacra
1095 4269 1237 4322 consueta

49 4385 247 4417 N··—--·.—

102 4473 123 4541 ⁸)
141 4474 215 4533 Prot.
236 4491 322 4551 progr.
342 4490 444 4552 penten.
463 4493 491 4551 et
510 4450 577 4539 festo
596 4482 732 4540 Mieirniilis
752 4483 832 4539 1-11.
852 4483 939 4541 Vitelr.
961 4461 1037 4538 teos.
1057 4483 1083 4534 d.
1119 4547 1121 4549 ,
1147 4527 1149 4538 ,

86 4555 410 4618 1¹⁰¹·u12'nrtr.trnor.11,1.
445 4614 448 4623 ,
806 4562 834 4646 Ι·
901 4575 902 4580 ’
951 4615 953 4620 ,
1013 4557 1030 4614 1
