2944 4898
349 231 387 294 do
403 229 511 294 natus
526 223 751 314 supernatibus
766 245 827 295 sec.
841 231 978 298 secundi.
1219 231 1264 302 8!

32 405 135 467 lluud
154 402 238 466 ertias
253 401 391 467 salicas
407 405 589 483 credebamr,
613 403 737 486 pristino
753 405 870 469 domiuo
887 405 1020 467 nundus
1037 405 1156 470 misisse
1172 427 1264 492 seque

34 491 192 575 principis
211 495 397 555 muebrarcm
420 493 600 556 subduxisse
617 493 737 574 imperio
755 503 783 556 et
804 497 913 556 muodo
929 493 1122 572 valedixisse,
1146 501 1198 558 scd
1214 519 1264 560 re-

37 580 220 662 quirebatur
235 580 366 662 iusuper,
389 592 423 642 ut
438 579 505 642 diro
523 589 551 642 et
567 581 685 661 potenti,
710 601 795 664 quem
811 581 970 644 novissime
987 589 1092 644 nactus
1109 593 1179 660 erat,
1199 603 1264 649 uta-

35 665 150 748 gistro,
170 667 259 750 cujus
276 667 307 729 in
323 675 421 730 castra
436 679 642 748 transgressus
658 679 730 746 erat,
746 681 865 732 strenuo
878 672 935 732 sub
945 669 1027 731 illius
1043 670 1185 750 auspiciis
1202 689 1279 736 reru*

37 769 169 819 acturus
193 765 412 819 sacramentum
437 755 547 818 diceret
578 756 722 838 fidensque
746 757 873 839 jurando
905 760 1063 838 sponderet
1086 760 1263 824 christianae

36 844 168 908 militiae
184 843 409 907 adscribendus.
439 843 519 922 Quin
537 846 637 906 sedent
655 847 777 925 sponsio
793 846 877 922 baec,
896 865 952 926 quo
969 846 1184 908 abrenuntiatio
1200 849 1264 910 lieri

36 933 178 1008 solebat,
202 934 305 1010 modo,
334 932 566 1011 interrogatione
589 931 703 994 scilicet
726 932 867 996 antistitis
892 932 1115 1014 baptizandique
1133 935 1264 998 exhibita

34 1020 251 1102 responsione,
271 1019 408 1082 absoluta
422 1019 519 1093 luent,
545 1019 677 1082 dubitare
693 1039 748 1083 uos
765 1041 824 1083 nott
838 1021 908 1083 sinit
924 1021 1079 1084 testimonii
1096 1021 1262 1086 Tertullia-

39 1109 98 1170 nei
115 1108 313 1192 crttccm*);
336 1107 472 1171 lustinus
487 1107 577 1169 Mart.
600 1125 670 1170 sero
686 1109 772 1171 nobis
790 1120 962 1184 auctorest,
988 1111 1178 1191 baptizandos
1195 1111 1262 1174 lidei

1 1194 6 1226 ¹¹
38 1215 125 1259 suae
148 1196 323 1278 prolessioni
346 1195 494 1277 promissa
517 1194 683 1272 addidisse,
708 1215 740 1258 sc
766 1217 860 1260 utores
885 1207 912 1258 et
934 1197 1022 1259 eitam
1047 1201 1083 1259 ad
1107 1199 1261 1279 religionis

37 1285 225 1347 christianae
248 1283 368 1364 regulas
391 1283 604 1364 composituros
629 1285 761 1363 esse**).
803 1286 915 1348 Usitata
938 1286 1006 1346 binc
1029 1297 1092 1348 erat
1115 1284 1262 1350 formula:

36 1363 260 1450 oonoicrouel
272 1388 324 1432 ooo
339 1366 471 1454 Χριστὲ,
487 1371 606 1450 legibus
624 1372 683 1434 tuis
700 1375 897 1436 moderandos
908 1373 976 1453 m).
1014 1376 1181 1436 Accedebat
1196 1377 1263 1452 fidet

36 1459 192 1540 professio,
209 1476 294 1541 quatu
310 1460 444 1522 lustinus
460 1460 548 1522 Mart.
565 1460 729 1522 armissime
745 1471 772 1522 et
788 1459 1032 1524 indissolubiliter
1047 1481 1111 1522 cum
1128 1463 1262 1543 obsequii

35 1548 240 1629 promissione
257 1566 419 1610 connexam
444 1544 571 1609 exbibet.
609 1547 732 1610 Publice
755 1549 891 1610 uimirmn
916 1567 1013 1610 coram
1037 1549 1115 1610 omni
1134 1551 1262 1613 ecclesia

36 1636 255 1716 profitebantur
271 1647 299 1698 et
317 1644 477 1698 contestato
493 1635 638 1712 dicebant,
657 1656 691 1698 se
707 1653 810 1698 revera
827 1654 986 1716 persuasos
1003 1655 1070 1698 esse
1088 1640 1124 1699 de
1140 1638 1261 1702 veritate

35 1724 172 1786 omnium
196 1734 225 1786 et
248 1723 451 1804 singulorum,
483 1743 559 1805 quae
589 1722 688 1785 divina
712 1725 784 1785 lesu
807 1723 916 1787 Obristi
943 1725 1074 1787 doctrina
1100 1727 1262 1788 conticeret

36 1831 139 1894 eaque
162 1819 221 1874 tarn
238 1815 386 1874 credenda
403 1831 488 1891 quam
512 1813 629 1891 agenda
646 1815 875 1892 proponeret†).
916 1811 1069 1874 litaminis
1087 1833 1152 1874 curu
1170 1814 1207 1875 iis
1224 1832 1262 1876 ex

37 1900 170 1963 articulo
195 1901 231 1962 tls
246 1901 348 1978 Patre,
371 1899 452 1960 Filio
477 1905 506 1962 et
529 1897 642 1979 Spiritu
659 1899 692 1961 S.
713 1919 749 1960 ac
773 1902 809 1960 de
833 1899 959 1962 ecclesia
982 1899 1106 1962 instituti
1132 1901 1262 1964 meminit

38 1987 251 2052 Tertullianus
260 1986 330 2069 ††).
355 1987 510 2049 Caeterum
527 1987 659 2049 ulteriori
676 1986 703 2050 si
720 1987 794 2048 ritus
812 1988 901 2070 lustjus
918 1989 1190 2050 commemoratione
1208 1994 1261 2052 de·

37 2077 174 2154 lectoris,
194 2077 262 2158 jam
274 2075 435 2155 allegatum
449 2077 539 2136 adeas
556 2073 740 2156 Dionysium,
757 2075 806 2156 spui
826 2076 983 2152 residuam,
1001 2097 1086 2158 quam
1102 2078 1213 2139 frustra
1230 2078 1261 2139 in
1374 2121 1380 2132 .

37 2183 220 2228 coaevorum
236 2167 378 2226 haetenus
393 2161 544 2224 citatorum
561 2163 736 2242 scriptorum
755 2165 950 2226 monumentis
968 2165 1110 2246 requires,
1135 2167 1261 2228 cerimo-

1 2260 2 2319 Ξ
37 2254 112 2314 uiae
128 2263 239 2334 partem
257 2249 565 2329 exbibelritffl).—
596 2251 672 2335 §.b
698 2252 756 2328 Qui
775 2252 928 2314 candidato
944 2252 976 2313 in
993 2253 1175 2333 baptismatis
1193 2265 1261 2316 autu

1 2342 2 2362 ³
36 2341 238 2417 assistebant,
262 2337 483 2402 o'l'artuiliauo
504 2359 652 2418 sponsores
675 2340 878 2419 structure).
919 2339 1032 2402 Horum
1056 2361 1163 2403 munus
1188 2353 1259 2418 erat,

37 2428 212 2512 baptizandi
228 2429 292 2491 loco
309 2431 347 2490 ad
364 2427 495 2490 diversas
511 2426 759 2506 interrogationes
774 2427 805 2488 iu
818 2427 960 2509 baptismo
978 2431 1156 2508 respondere
1172 2441 1259 2510 atque

38 2540 141 2581 coram
161 2514 288 2580 ecclesia
303 2517 389 2579 fidem
406 2514 598 2594 adstringere,
624 2536 657 2577 se
676 2516 849 2596 baptizando
867 2518 1064 2579 moderatores
1083 2517 1158 2578 ritae
1175 2517 1259 2580 futu·
1289 2551 1292 2556 ·

38 2629 89 2670 rae
106 2604 271 2686 spiritualis
289 2625 356 2667 esse
375 2603 536 2665 adiuturos.
573 2602 756 2684 Sponsorum
772 2605 885 2680 horum,
901 2603 931 2663 iu
951 2604 1188 2686 paedobaptismo
1204 2609 1259 2667 ad-

37 2693 201 2757 hibitorum
226 2705 254 2755 et
276 2713 329 2774 pro
354 2689 485 2774 parvulis
510 2689 714 2772 spondentium
739 2691 868 2754 meminit
884 2691 1089 2756 Tertullianus
1106 2703 1140 2755 ao
1158 2715 1259 2756 eorum

40 2803 165 2864 operam
181 2802 244 2844 neu
259 2777 385 2844 obscure
402 2779 567 2860 improbato
588 2775 787 2857 ridetur†**).
807 2817 845 2827 -
873 2778 901 2862 ξ.
919 2781 951 2844 6.
976 2781 1035 2859 Qui
1052 2781 1083 2842 iu
1100 2791 1169 2844 notu
1185 2781 1258 2846 reli-

108 3005 138 3073 *)
159 3012 235 3060 extat
253 3006 314 3061 tito.
336 3006 374 3060 sd
388 3013 515 3073 martyro
533 3003 559 3056 3.
584 3019 609 3070 p·
628 3003 697 3058 224:
724 3003 811 3052 cocos
832 3019 922 3054 semus
939 3004 978 3052 etl
992 3005 1112 3054 militiast
1129 3006 1182 3056 Dei
1198 3005 1258 3071 mot,

35 3078 94 3146 jose
110 3086 186 3139 tm,
206 3091 264 3126 curs
279 3077 309 3124 ἐκ
326 3075 484 3126 curamonta*
500 3073 580 3124 oneo
596 3071 783 3137 comedisses.

108 3146 152 3206 **)
172 3145 271 3209 legitur
288 3144 352 3224 illud
370 3158 492 3226 expresse
511 3141 579 3224 spol.
598 3143 624 3197 2.
646 3141 737 3222 11:933
1059 3210 1064 3224 1
1116 3211 1122 3224 ι
1225 3211 1230 3226 ¹
1256 3191 1261 3200 x

40 3209 1259 3362 n2„elib”tt‘tttllttdtt‘tttt{stitittttttbt‚debellaretur

39 3350 188 3420 ἀποταγὴν
206 3342 431 3419 συντασσόμενος
450 3349 567 3418 λεγέτω,
597 3365 639 3399 οτι
663 3347 710 3399 καὶ
728 3361 920 3420 συντασσομαι
946 3350 983 3416 τῷ
1002 3350 1113 3420 Χριστῷ
1141 3352 1188 3404 καὶ
1213 3369 1259 3404 rrt-

40 3417 127 3475 oreior
149 3419 197 3474 sol
214 3421 381 3490 βαπτίζομαι
400 3419 458 3472 κτλ.

106 3492 142 3558 †)
162 3491 322 3544 lustinus
346 3491 432 3543 Mart.
457 3490 475 3537 l.
501 3505 523 3542 c.
549 3487 589 3538 bis
609 3487 768 3555 potissimum
789 3487 876 3539 verbis
901 3488 938 3538 id.
953 3494 1082 3542 testatore
1111 3482 1173 3542 ὅσοι
1197 3507 1258 3544 trct-

39 3561 129 3650 opicioc
146 3561 195 3612 καὶ
216 3551 385 3612 πιστεύωσιν
402 3554 492 3622 ἀληθῆ
510 3556 596 3608 ταῦτα
614 3552 648 3607 τὰ
672 3550 719 3624 ὑφ’
741 3550 822 3626 ἡμῶν
843 3551 1034 3626 διδασκόμενιι
1054 3557 1101 3609 καὶ
1119 3552 1258 3630 λεγόμενα

52 3647 118 3686 uror.

38 3649 49 3684 ε
107 3699 163 3767 Η)
184 3699 217 3750 de
236 3699 355 3764 baptism.
370 3696 395 3748 ὃ.
416 3711 441 3763 p.
453 3695 521 3747 ddi:
542 3711 620 3764 psum
639 3695 686 3746 sub
706 3696 790 3745 tribus
808 3696 953 3746 attestatio
970 3693 1032 3758 fidei
1052 3705 1076 3744 rt
1094 3698 1197 3761 sporacio
1215 3714 1258 3748 stt-

41 3771 102 3820 lsts's
115 3771 310 3836 pr'grrorcntur,
329 3765 473 3816 corrosorio
491 3765 618 3832 adjicitur
636 3765 758 3814 ecclesiae
775 3765 881 3828 ntertto'o,
903 3766 1022 3832 quoniam
1040 3765 1087 3814 udi
1101 3776 1163 3830 tres,
1184 3767 1203 3821 t‘.
1224 3783 1258 3834 e„

42 3843 121 3888 Potes·
140 3847 167 3887 rt
183 3839 269 3888 Filius
286 3845 312 3887 et
329 3835 443 3902 Spr’rt'ttts
461 3837 497 3896 8.,
518 3835 557 3883 t'bo'
573 3833 690 3897 ccclesia,
708 3851 775 3902 quoe
793 3835 871 3882 trium
889 3850 982 3898 corpus
1001 3841 1047 3887 est.

108 3905 188 3975 †††)
207 3908 239 3958 de
260 3907 401 3958 ecclesiast.
413 3903 578 3958 disserebam
601 3903 697 3970 p.253.
719 3901 764 3952 ubi
782 3903 851 3953 iuter
870 3903 922 3952 alia
934 3901 998 3952 baec
1019 3901 1115 3956 relect:
1136 3903 1258 3956 sacerdos

42 3979 256 4042 catechumenum,
272 3973 508 4025 admuntiotiorris
525 3972 609 4022 verbio
624 3971 752 4033 recitatis,
772 3972 809 4019 orl
824 3971 945 4020 orientem
961 3971 1091 4036 transfert
1118 3982 1142 4022 et
1159 3975 1188 4022 in
1203 3992 1258 4024 coe·

41 4048 94 4094 less
116 4046 257 4097 &mntem
279 4057 433 4110 mesmes
452 4043 610 4092 manentem
631 4042 732 4091 Cleo-im
755 4041 902 4108 coactisque
924 4042 1007 4092 sceris
1031 4059 1049 4091 a
1069 4045 1125 4092 Dru
1150 4045 1259 4096 traditis

41 4114 151 4182 sloqsm's
160 4115 239 4184 jobd
257 4115 385 4164 omaso
403 4119 452 4164 stc.

107 4183 160 4250 Ρ)
180 4184 242 4234 libr.
261 4183 293 4234 de
312 4181 432 4248 baptista.
451 4178 493 4230 ts.
512 4195 538 4246 p.
558 4179 619 4231 tta.

108 4247 175 4320 μ’)
190 4253 276 4304 locum
292 4251 353 4303 ride
370 4250 499 4314 integrum
510 4248 552 4300 rat.
570 4247 598 4316 §.
609 4249 635 4300 t.
646 4246 684 4313 (p.
696 4245 729 4298 ts
738 4243 829 4313 noel)
847 4245 887 4300 lla
897 4247 941 4299 illo
952 4247 1063 4301 silicium
1075 4265 1162 4301 eorum
1171 4249 1197 4300 ia
1216 4250 1257 4300 bis

42 4322 158 4389 partibus
179 4321 328 4374 constitisse
347 4315 515 4382 colligimus.-
534 4317 593 4368 illos
613 4315 731 4367 nimirum
749 4315 856 4367 iniustis
882 4318 938 4369 loco
959 4319 991 4369 sd
1012 4319 1129 4371 diversos
1146 4320 1258 4369 interro-

42 4393 158 4454 munus·
176 4392 204 4443 iu
222 4391 356 4459 bspffle
367 4386 546 4455 respondisse,
566 4386 624 4452 eius
643 4387 699 4436 loco
718 4387 930 4453 repromissiones
948 4386 1056 4441 sauctae
1074 4395 1102 4440 et
1117 4389 1257 4438 intemera-

41 4467 82 4514 tae
99 4462 172 4514 vitae
190 4461 336 4514 servandac
352 4458 466 4526 lecissop
492 4456 591 4526 seipsos
609 4454 796 4526 obstrinxisse,
822 4471 851 4510 se
869 4471 958 4510 curum
978 4465 1093 4524 acturos,
1117 4463 1148 4506 ut
1164 4454 1254 4506 intans

82 4545 416 4602 rum-amomacum.
1028 4545 1050 4608 0
