2944 4898
357 261 392 322 do
408 257 571 342 primitivae
588 227 733 326 aeclesiae
749 261 935 326 lectionibus.
1199 267 1246 330 '65

22 429 129 511 piures
148 429 305 494 habendae
325 441 408 496 erant
423 433 601 514 conciones,
625 434 789 516 liberrime,
814 437 890 500 festo
915 445 1011 500 maren
1032 437 1247 519 convenienter,

23 519 232 580 disseruerint
253 527 361 601 patres.
398 519 479 584 Inter
501 523 656 586 Athanasii
681 544 771 606 opera
797 524 1023 606 deprehenditur
1032 523 1060 607 *)
1083 518 1230 608 Λόγος
1204 549 1248 598 εις

22 597 79 685 τὴν
98 597 273 686 ἀνάληψιν
287 628 345 670 τοο
332 605 511 710 Κυρίου
495 608 583 713 ημῶν
598 614 696 692 Ιησου
714 611 854 692 Χριστοῦ
873 622 901 676 et
915 611 1038 722 alia**),
1064 634 1206 716 quarn
1169 614 1247 676 Hol-

21 694 149 756 stenius
176 694 266 757 edidit
289 695 334 767 εἰς
355 687 540 804 ἀπογραφὴν
561 695 619 778 τῆς
649 693 737 779 ἁγίας
757 697 885 780 Μαρίας
910 697 1104 770 aniciensi
1127 690 1247 781 Ιωσὴφ,

20 803 168 844 necnon
191 780 314 861 ἰΙΙα“*)
340 783 383 852 eie
407 774 466 860 τὴν
486 778 577 865 ἁγίαν
599 784 747 864 πέμπτην
771 785 820 846 καὶ
845 787 889 856 εἷς
913 777 973 885 ripn
993 781 1165 887 προδοσίαν
1189 787 1248 851 τοῦ

20 859 156 944 laudea,
180 879 213 932 nt
228 891 307 932 noae
323 870 393 932 nibil
410 871 505 934 dienrn
521 874 557 934 de
574 893 624 951 ea,
649 893 724 974 quas
741 883 785 936 est
802 873 847 944 eia
863 864 899 936 τὸ
916 861 1002 954 iiyroa
1016 868 1120 954 πάσχα
1136 874 1230 934 ani'
1203 896 1248 945 aaa

17 955 99 1027 τοῦς
119 947 363 1036 responsionem
379 981 424 1036 τῳ
409 950 590 1040 σαββάτῳ
612 957 669 1039 τῆς
686 954 890 1062 ἀπολορίμου.
925 961 959 1022 Si
977 960 1179 1043 Cbrysostorni
1200 971 1248 1022 to-

15 1065 88 1105 ruos
109 1045 205 1106 alicui
229 1045 364 1108 evolvere
380 1044 539 1126 pdacuerit,
562 1046 692 1110 inveniet
712 1048 742 1128 is
764 1047 850 1110 etiam
874 1049 951 1112 inter
973 1049 1105 1130 genuina
1127 1049 1247 1130 scripta,

17 1152 109 1211 qnae
129 1143 259 1196 nostram
275 1131 390 1194 firmare
406 1143 531 1214 poseant
546 1134 730 1198 sententiaro.
1212 1181 1214 1188 -

113 1221 155 1282 lo
170 1239 281 1300 graeca
298 1241 413 1302 quoquo
430 1219 558 1283 ecclesia
578 1221 682 1284 diebus
699 1222 852 1286 dominicis
875 1233 962 1305 atque
981 1223 1048 1288 aliis
1066 1234 1160 1287 certas
1177 1245 1247 1287 sue·
1306 1224 1312 1235 '

18 1327 113 1370 sessu
136 1309 278 1389 temporis
295 1308 390 1370 inisse
407 1308 568 1371 destinatas
583 1309 733 1387 iectiooes,
749 1309 848 1372 licebit
863 1311 951 1374 nobis
968 1311 1044 1374 forte
1061 1333 1098 1374 ex
1115 1312 1244 1394 Chryso·

20 1406 123 1457 stouro
145 1396 304 1476 ooliigere,
328 1395 387 1458 imo
405 1405 434 1457 et
449 1417 486 1458 ex
501 1396 578 1460 aliis.
616 1397 743 1460 Easdem
759 1419 829 1460 vero
845 1397 915 1460 illas
932 1399 1026 1462 foisse
1044 1420 1111 1460 earu
1126 1400 1246 1477 nostris,

22 1505 109 1545 nemo
132 1482 226 1546 facile
242 1483 328 1545 nobis
342 1484 531 1565 persuaserit.
553 1487 597 1545 tia
614 1505 683 1547 rere
694 1485 843 1547 Aliatiana
859 1485 911 1546 iiia
927 1485 1060 1548 recensio
1078 1486 1246 1565 lectionum,

22 1570 45 1630 io
63 1572 209 1636 ecclesie
225 1572 405 1634 Graecorum
421 1570 563 1634 hodierna
579 1572 766 1647 usitatarum,
788 1573 820 1634 in
836 1573 971 1636 omnibns
989 1594 1055 1634 enm
1072 1573 1247 1652 antiquiori-

8 1661 74 1719 bns
94 1661 165 1722 iliis
182 1659 360 1722 lectionibus
378 1658 548 1735 conveniat,
573 1662 701 1721 nondam
717 1619 810 1721 haheo
827 1660 935 1723 dicere.
971 1661 1060 1722 istam
1077 1659 1192 1722 interint
1210 1681 1248 1722 ex

7 1738 157 1819 idiatriba
175 1750 212 1809 de
229 1747 384 1810 dominicis
401 1755 429 1808 et
443 1706 654 1808 hedoniadibns
672 1747 861 1822 Graecorum,
885 1768 959 1828 quae
974 1758 1132 1828 perpetuae
1150 1747 1247 1810 eccie-

9 1835 85 1896 siae
105 1834 265 1898 orientalis
289 1842 317 1896 et
340 1832 530 1896 accidentalis
554 1833 740 1895 consensioni
764 1795 923 1915 subjnirctn
945 1845 1004 1911 est,
1031 1835 1247 1896 communicare

20 1921 193 1986 voluimus.
228 1926 381 2002 Eaanpeiia
395 1929 489 2002 itaqae
509 1925 561 1983 bea
582 1929 690 1984 ratione
707 1925 852 1999 ispaniae:
889 1927 917 1984 A
938 1929 1030 2002 prima
1046 1925 1090 1984 die
1105 1926 1248 2001 poenitetia

21 2031 116 2090 asqae
134 2015 173 2073 ad
190 2021 360 2091 ρσαίσσοσίοα
376 2013 475 2087 lepidas·
492 2012 661 2087 enaapeiiam
676 2016 816 2084 daonaisr
836 2031 856 2072 a
872 2013 1010 2072 dominico
1025 2022 1169 2090 praesente
1184 2033 1247 2072 om·

19 2105 111 2159 niam
131 2110 292 2160 sanctornm
315 2119 402 2177 asaprs
424 2099 462 2157 ad
486 2119 604 2158 mensem
624 2100 814 2177 septanmrear,
842 2102 1001 2174 Mnttiroei3
1027 2121 1046 2158 a
1069 2120 1139 2160 noco
1162 2121 1246 2178 anno,

7 2182 133 2264 iaearpa
156 2207 176 2246 ο
200 2189 335 2248 dominica
350 2194 413 2264 post
429 2186 626 2246 oscitationem
648 2178 761 2246 sanctae
783 2192 873 2246 araas
894 2207 979 2266 asqara
1005 2188 1043 2246 ad
1065 2189 1247 2266 tpropbapam

8 2268 221 2350 dominicam,
247 2280 343 2334 Lanae
352 2297 362 2348 3
387 2293 407 2332 a
422 2278 514 2352 primo
536 2274 701 2332 bebdomada
715 2275 966 2352 quadragesimalia
984 2275 1087 2358 p'ejanii
1102 2276 1141 2333 ad
1156 2281 1248 2353 ipsam

21 2369 244 2424 reserarectionis
258 2363 339 2438 dmm,
362 2366 392 2422 in
408 2361 532 2435 sabbatis
547 2370 573 2420 et
590 2361 744 2432 dominicis,
766 2367 874 2422 Marci.
910 2363 998 2440 ldqae
1013 2370 1044 2420 at
1058 2367 1189 2422 mandas
1200 2369 1246 2422 in·

25 2453 184 2527 teilipatar,
207 2455 329 2510 dannaia
351 2449 485 2525 evangeiii
500 2456 593 2507 tentas
616 2454 761 2510 aniversae
782 2458 884 2526 septena
901 2453 1015 2525 intepris
1035 2449 1248 2509 hebdomadibus

24 2539 146 2614 iepitar,
176 2557 250 2617 qaae
272 2558 291 2597 n
313 2538 450 2597 dominica
474 2537 634 2614 paschatis,
656 2538 745 2596 tribas
769 2537 863 2596 disbas
886 2541 1025 2615 eaeeptia,
1054 2545 1246 2597 aamerantar.

29 2629 185 2706 Matthaei,
202 2646 221 2686 a
237 2627 311 2699 faria
326 2624 446 2684 secanda
462 2632 525 2701 past
542 2624 707 2684 dominicam
724 2633 888 2701 pentecostes
905 2625 942 2683 ad
958 2643 1135 2702 parasceuen,
1151 2625 1247 2684 sabse-

30 2726 155 2790 pnentem
171 2714 277 2788 festam
292 2713 363 2773 diem
378 2712 557 2772 oscitationis
571 2720 686 2772 sanctae
711 2717 800 2772 craecis
822 2711 1024 2790 absoiaitarqaa
1038 2711 1248 2774 bebdomadibus

32 2802 163 2862 deremet
182 2809 294 2878 septem.
332 2805 441 2859 Heriem
457 2799 582 2858 andecim
607 2799 725 2875 sinpaiis
747 2799 841 2858 diebas
859 2800 999 2858 Matthaei
1021 2801 1191 2875 monopolium
1206 2801 1248 2860 ia-

30 2901 111 2964 ρααις
138 2910 158 2949 a
176 2889 347 2962 daodeeime,
364 2891 481 2965 qrrinqae
497 2886 591 2946 dicim
605 2886 790 2961 hebdomadis,
808 2891 904 2945 Marci
919 2887 1088 2962 canapeiiam
1103 2893 1244 2946 recitatae.

32 2981 158 3038 Sabbata
176 2985 203 3036 et
218 2976 370 3035 dominicae
386 2975 497 3034 lectione
511 2991 566 3032 sna
578 2973 741 3032 Mettbeeas
757 2981 871 3050 occupat
883 2992 970 3056 aspare
985 2973 1023 3031 ad
1035 2973 1167 3032 decimam
1181 2993 1248 3050 sep-

33 3070 127 3126 timam
143 3073 173 3126 et
190 3064 296 3124 decima
310 3067 441 3141 septima,
457 3065 484 3120 si
499 3062 550 3120 iiia
568 3059 647 3134 infra
663 3059 770 3136 parebo
785 3060 889 3133 faerit,
907 3060 1082 3118 Mattbaeam
1099 3058 1178 3118 itabat
1187 3081 1195 3132 3
1221 3065 1248 3120 si

33 3155 112 3230 citro,
130 3171 319 3231 οοροαροαοι,
334 3150 383 3210 sed
399 3149 478 3208 alind
494 3167 529 3208 en
544 3149 611 3208 ciiis
626 3149 725 3225 iepitar
740 3156 765 3206 et
777 3148 961 3206 Obanaaatrae
975 3154 1025 3206 est.
1048 3151 1143 3206 Laena
1158 3165 1247 3206 enan-

34 3244 131 3314 pdiam
146 3241 296 3301 inchoatae
312 3257 332 3297 a
348 3237 467 3297 secanda
483 3236 557 3310 feria
574 3244 636 3314 post
653 3237 819 3295 dominicam
834 3236 1016 3294 enodationis
1033 3235 1182 3314 lepitampre
1199 3240 1248 3294 in·

36 3336 114 3406 apris
130 3326 348 3388 bebdomadibus
362 3325 520 3395 duodecim
542 3324 576 3383 ab
591 3327 671 3382 initio
687 3343 751 3383 cera
767 3324 887 3384 decimae
904 3327 1009 3400 tertiae,
1025 3323 1119 3382 diadas
1135 3324 1248 3397 feriali-

35 3415 88 3493 bus,
106 3420 211 3477 Marci
227 3413 396 3489 canapeitam
411 3416 562 3484 recitotar;
577 3411 701 3472 sabbatis
715 3420 740 3470 et
756 3412 909 3488 dominicis,
926 3416 1030 3470 Laecae.
1064 3410 1165 3470 Marci
1181 3421 1249 3472 ten·

37 3504 89 3566 hm
105 3523 181 3583 pars
203 3505 353 3581 potissima
368 3504 438 3560 inter
453 3499 631 3558 Mattitaaam
648 3507 673 3557 et
690 3503 799 3558 Laeana
821 3459 991 3569 absaniaitar,
1017 3499 1091 3576 qaod
1114 3500 1249 3578 reiiqaam

36 3603 80 3668 est,
99 3591 333 3672 qrradrapesimae
348 3587 471 3647 sabbatis
488 3595 514 3646 et
529 3586 674 3646 dominicis
690 3592 872 3647 recitator.

118 3675 264 3738 Africana
282 3671 409 3736 ecelesia
426 3692 485 3732 aon
504 3681 619 3733 tantane
638 3670 741 3748 festis,
765 3678 798 3730 ut
820 3689 911 3750 snpra
934 3668 1076 3745 vidimus,
1103 3673 1155 3731 scd
1179 3669 1248 3734 aliis

38 3784 153 3846 qnoque
171 3762 276 3823 diebos
294 3770 391 3823 certas
407 3758 509 3820 habuit
526 3758 637 3820 dicatas
653 3757 811 3834 lectiones,
836 3715 1076 3838 quemadmodani
1094 3777 1148 3818 nos
1165 3760 1250 3818 docet

36 3850 223 3932 augustiuus
232 3847 289 3952 †)·
324 3850 481 3928 capitalem
498 3852 619 3926 primam
633 3851 781 3924 praeterito
804 3847 847 3906 die
869 3839 1004 3908 dominici
1026 3853 1176 3906 tractaarm
1191 3867 1250 3908 esse

37 3946 219 4010 meminimus,
234 3937 254 3998 i.
273 3957 309 4014 e,
326 3954 437 3997 avers.
455 3934 484 3996 l.
502 3933 586 3994 ano.
603 3952 668 4013 cap.
686 3933 716 3995 1.
732 3929 854 3994 ioannis
871 3930 1091 3992 etTraetat.:9
1116 3938 1249 3998 Hesterno

39 4029 96 4104 die,
120 4033 147 4089 si
163 4029 286 4088 meminit
299 4029 436 4086 sanctitas
451 4029 562 4102 aesna,
584 4041 647 4084 eam
668 4030 789 4102 tempore
803 4019 1024 4098 enciadenemar,
1048 4041 1083 4082 ae
1098 4042 1250 4086 sermonem

13 4221 15 4248 r
104 4263 137 4332 ⁴)
156 4260 411 4331 Tam-2.1r..1ss

104 4333 192 4434 n
259 4279 428 4453 dara

103 4472 137 4538 †)
158 4403 327 4540 iixpositi'iu
346 4467 447 4533 Erras.
465 4462 573 4520 ioannis
593 4469 672 4519 tract.
689 4465 717 4521 2·
738 4480 765 4534 p.
783 4478 819 4518 ta.
840 4465 868 4520 ί.

85 4555 269 4609 Tbetmtianitt·
280 4553 420 4602 abriabflit,
985 4569 996 4578 ·
1029 4549 1052 4616 5
