2944 4898
202 243 289 331 ‘dc
303 267 399 331 saeris
414 265 542 350 puhlicis
559 267 597 332 ah
614 267 722 352 ccedet.
738 277 796 336 ret.
811 271 944 334 studiose
960 269 1060 335 cultis.
1142 263 1145 272 ⁴
1220 255 1297 350 ιδ’

42 441 105 504 siae
124 441 309 506 christianae
325 443 514 508 laniamenta
530 443 724 526 ponebantur,
738 443 918 526 temporibus
935 443 1017 508 multi
1034 463 1093 506 nou
1108 443 1194 507 modo
1209 461 1263 510 na·-

44 551 183 608 erornm,
218 552 235 593 a
260 531 398 614 patritus
418 542 620 613 acceptorum,
648 533 700 594 sed
724 532 819 594 omnis
844 531 998 613 religionis
1023 533 1262 613 aeulcrntures*),

45 637 166 699 quoque
183 617 286 700 plnres
304 622 340 682 ad
357 619 479 701 Epicuri
496 619 597 682 hortos
621 617 812 698 advolabant,
838 641 873 682 eo
898 617 992 682 maini·
1013 618 1045 682 in
1067 616 1183 700 templis
1201 631 1264 682 erat

44 705 188 777 solitudo.
227 707 265 768 ht
286 707 352 788 ipsa
375 699 480 770 natur'a
502 707 632 770 homines
655 709 691 768 ad
716 705 890 787 religionem
914 706 1016 782 ducit,
1032 706 1158 788 ideoque
1177 705 1264 770 ‘malti

43 794 261 871 Romanorum,
278 795 405 875 pertaesi
420 794 621 876 philosophiae
633 793 830 874 uoluptatibus
842 788 1039 870 inservientis,
1056 813 1074 854 a
1088 793 1183 856 medio
1195 794 1263 858 indo

34 874 168 944 saeculo
187 883 319 944 secundo
337 893 387 944 aut
400 881 517 944 Christo
533 901 640 944 nornen
656 883 774 959 dabant,
791 891 842 944 aut
858 884 894 944 ad
911 899 997 944 sarra
1013 879 1115 961 patria,
1130 879 1262 966 Nespla·

41 969 210 1030 lonicorum
227 968 333 1031 studiis
350 979 508 1050 epioruata,
534 970 819 1048 revertehautnr”).
859 971 903 1031 Ac
920 989 1009 1050 saepe
1025 967 1057 1028 iu
1072 967 1170 1030 laeum
1188 989 1261 1032 con.

43 1064 154 1118 temtus
169 1069 268 1118 rerum
286 1075 435 1118 saeramm
453 1059 512 1118 uon
528 1055 650 1136 religio,
669 1056 727 1118 imo
743 1055 927 1136 superstitio,
947 1073 1040 1138 eaque
1055 1054 1172 1144 ridendi
1187 1077 1262 1120 cen-

44 1143 251 1224 treutandiq'ue
266 1145 404 1222 studium,
432 1160 508 1226 quae
521 1163 577 1206 acc
594 1143 689 1206 oculis
707 1143 788 1206 ccrni
805 1164 861 1206 nec
879 1141 1015 1204 manibus
1031 1141 1113 1222 tangi
1128 1151 1262 1224 possunt,

45 1229 276 1310 sacrosante.
295 1231 363 1294 Huc
380 1253 467 1314 quum
484 1234 657 1300 accederent
668 1231 771 1312 partim
783 1233 901 1294 decreta
909 1229 1065 1310 religionis
1075 1230 1262 1306 christiane,

43 1329 73 1380 ut
90 1321 244 1381 decretum
262 1321 298 1380 de
313 1320 377 1382 Deo
393 1339 497 1402 preces
514 1319 661 1380 hominum
679 1318 868 1396 exaudiente,
885 1320 921 1380 de
937 1316 1055 1380 Christo
1072 1339 1169 1382 rorum
1185 1319 1263 1382 diri·

43 1427 150 1467 uarnm
175 1406 335 1488 interprete
356 1417 386 1468 et
409 1407 529 1486 generis
552 1400 670 1468 hnmani
695 1408 874 1492 redemtore,
900 1404 1003 1486 partim
1029 1415 1206 1485 commenta,
1230 1415 1262 1469 ut
1316 1421 1319 1432 ’

43 1503 212 1556 commenta
229 1495 264 1554 de
280 1495 388 1554 mundo
406 1503 576 1557 senescente
593 1503 621 1554 et
638 1514 727 1574 prope
745 1493 872 1558 instante
888 1513 985 1555 rernm
1002 1493 1193 1556 humanarum
1205 1493 1261 1572 in-

43 1578 181 1662 teritu†)
216 1591 243 1642 et
269 1582 304 1642 de
328 1580 443 1660 Messio
470 1581 548 1642 hreni
571 1575 611 1642 'ad
636 1581 872 1660 inaugurandum
901 1599 1024 1660 regnem
1049 1577 1141 1642 suum'
1159 1601 1261 1643 rerer-

44 1667 195 1748 suro††),
213 1667 311 1746 pietati
328 1667 451 1730 alendae
463 1668 580 1745 idonea,
597 1687 655 1728 aon
672 1667 775 1728 mirum
792 1677 846 1746 est,
864 1666 1170 1730 reteresChristiauos
1187 1659 1278 1732 tolos'

46 1754 142 1817 inisse
160 1753 192 1814 in
208 1754 382 1817 meditandis
398 1757 486 1817 rohas
504 1754 621 1816 divinis.
643 1754 744 1816 Pietas
760 1763 855 1816 autem
867 1753 1141 1833 praecipua‘remar
1157 1775 1262 1822 sacrus

43 1863 107 1902 rum
134 1841 228 1904 stadii
254 1862 345 1904 causa
367 1840 502 1904 habenda
526 1851 579 1904 est.
616 1840 714 1917 Qunrn
733 1840 810 1902 enim
832 1841 917 1901 lmam
942 1860 1075 1921 promere
1095 1843 1210 1904 studeat
1233 1849 1263 1903 el
1349 1861 1358 1874 ‘
1409 1900 1414 1908 .

42 1921 219 2008 siguificare
236 1921 359 2006 sensus,
382 1930 509 1992 animum
527 1928 592 1990 eius
608 1927 743 1990 crebrius
761 1929 922 1990 subeuntes
939 1935 967 1988 ct
982 1927 1088 1990 fortias
1105 1927 1260 2010 impellen-

43 2026 109 2077 tes:
135 2016 186 2096 qui
214 2017 352 2078 sensihus
376 2037 394 2078 a
415 2037 511 2078 return
537 2013 700 2078 diuinarum
719 2013 896 2096 cogitatione
911 2013 1096 2078 reaieutilrns
1123 2017 1260 2098 agitatur,
1330 2047 1333 2053 ·

43 2125 101 2165 aon
119 2113 219 2184 potest
234 2125 291 2164 noa
317 2106 355 2164 ad
371 2109 457 2166 sacra
473 2103 609 2166 fascienda
625 2102 707 2189 ferri.
744 2103 811 2164 Huc
827 2101 956 2180 accedit,
980 2104 1057 2183 qnod
1074 2103 1207 2183 animem,
1230 2113 1262 2166 at
1290 2118 1294 2123 ’

1 2223 2 2234 .
43 2211 155 2272 corpus
168 2190 311 2269 morendi,
322 2190 363 2252 ita
376 2191 523 2271 cogitandi
538 2190 739 2270 sentiendique
752 2189 980 2266 eonsuetudines
994 2189 1128 2271 suscipit,
1145 2202 1174 2254 et
1185 2211 1262 2274 qnae
1287 2195 1288 2200 ’

43 2275 82 2340 iis
98 2278 280 2341 conueniunt
296 2288 325 2340 et
346 2281 526 2358 respondeat
542 2277 625 2359 quasi
644 2277 754 2355 modis,
779 2280 815 2344 ad
833 2297 907 2357 quus
932 2275 1047 2338 animus
1063 2279 1170 2341 moveri
1188 2294 1262 2341 cam

43 2365 152 2444 suerit,
169 2375 255 2445 grata
271 2375 341 2428 sunt
357 2376 385 2428 et
399 2365 538 2429 iucunda.
573 2364 668 2442 Quam
685 2367 722 2426 oh
739 2383 858 2426 cansam
874 2363 1008 2426 homiues
1025 2364 1075 2444 pii,
1099 2377 1173 2445 ques
1189 2387 1260 2430 seu-

43 2473 95 2514 sus
113 2473 132 2514 a
151 2455 241 2522 rehus
256 2452 364 2516 divinis
381 2453 530 2516 uenientes
548 2453 650 2514 erebro
667 2451 816 2530 adficiunt,
836 2450 931 2514 saeris
947 2450 1093 2514 iaciendis
1110 2452 1261 2528 delectau-

45 2551 100 2616 tar,
117 2539 258 2622 quoniam
274 2540 398 2618 agendis
409 2539 448 2600 iis
458 2560 578 2618 sensus,
595 2539 684 2600 animi
699 2560 799 2602 eorum
812 2537 905 2606 modis
922 2538 1121 2624 consentanei,
1136 2538 1261 2621 ideoque

44 2627 120 2707 grati
139 2634 170 2689 et
186 2627 317 2704 incundi,
334 2627 510 2690 excitantur.
542 2629 638 2705 Quam
656 2627 772 2708 quidem
790 2625 924 2708 pietatem
942 2635 973 2687 nt
989 2625 1147 2689 Christiani
1165 2627 1260 2690 sacris

43 2714 190 2777 iaciendis
209 2713 401 2794 declararent,
426 2736 460 2778 co
478 2735 593 2796 quoqne
610 2715 717 2776 lactum
735 2725 788 2793 cst,
812 2715 888 2796 qnod
905 2713 1042 2794 precihus
1059 2713 1217 2778 fundendis
1233 2724 1280 2778 et.
1351 2717 1357 2734 ⁸

113 2950 148 3016 *)·
163 2967 190 3004 v.
212 2925 326 3002 &aredii
344 2953 492 3004 Geeehicdte
510 2953 557 3004 der
573 2953 672 3004 christi.
687 2952 786 3002 Kirche
801 2952 846 3004 eles
864 2961 948 3004 cretea
962 2917 1163 3017 Iahrhrlndertr,
1184 2957 1263 3006 Burd
1376 2953 1378 2960 ’

44 3023 66 3072 l.
87 3035 112 3086 p.
133 3019 282 3075 tlt-27.
311 3009 494 3083 etllfosherar'i
512 3021 711 3072 commentarius
731 3020 762 3070 de
782 3020 860 3070 rebus
881 3021 1016 3072 christian.
1044 3029 1103 3072 ante
1123 3022 1267 3087 Constant.

46 3085 80 3139 M·
100 3089 456 3225 llil>14lllirllllisRomanorum
475 3174 490 3209 a
509 3157 614 3209 saecuto
632 3157 692 3208 iude
712 3154 745 3208 11.
765 3157 797 3208 ad
808 3155 919 3208 Deorum
938 3157 1035 3210 cultum
1053 3173 1172 3211 reversos
1191 3140 1258 3230 esse,

46 3227 122 3277 docet
142 3226 256 3276 omnium
274 3227 385 3278 maxime
406 3228 568 3294 philosophia
586 3225 789 3292 Neoplatuuica,
814 3227 909 3278 multos
927 3227 1021 3292 ubique
1043 3228 1160 3282 locorum
1176 3231 1262 3284 laam-
1314 3275 1319 3290 .

45 3311 85 3346 res
104 3301 203 3358 nacta,
231 3295 304 3346 euius
323 3295 435 3346 decretis
461 3303 487 3346 et
511 3295 647 3361 disciplina
665 3295 770 3362 pietatis
794 3311 844 3346 aea
864 3295 986 3346 delectat-i
1006 3297 1117 3364 luissent
1133 3301 1259 3368 homiues,

44 3365 92 3414 uisi
114 3378 162 3414 eos
181 3363 266 3414 dcuuu
285 3379 370 3415 rernm
390 3379 524 3423 sacrarum
542 3365 654 3416 studium
674 3364 795 3430 cepisset.
831 3363 882 3430 Qui
906 3365 979 3432 plura
1000 3365 1049 3416 hae
1069 3367 1101 3417 de
1122 3384 1150 3420 rc
1172 3369 1259 3434 legero

44 3433 124 3498 cupit,
148 3431 227 3482 edent
245 3433 364 3482 Meiners
383 3434 512 3498 Beitrd'go
528 3449 576 3481 serr
596 3433 745 3482 Geechichte
764 3433 811 3480 dor
828 3433 945 3482 Denhnrt
963 3433 1009 3482 cler
1027 3443 1112 3484 erotm
1127 3438 1261 3494 rotator·
1330 3441 1334 3454 '

44 3502 115 3550 dem
142 3500 218 3548 nach
232 3499 332 3549 chriae·
350 3501 463 3564 Gohurt,
488 3502 516 3550 r‘er
537 3501 641 3564 einigen
659 3501 874 3565 Retrachtrrngea
897 3503 961 3550 teter
984 3503 1029 3552 dr'e
1051 3506 1263 3569 acupictoaieehe.

43 3569 220 3633 etilosoptte.
239 3571 271 3621 1..
293 3567 369 3624 1782.
390 3570 416 3620 8.
444 3575 471 3619 ct
490 3571 576 3620 Keilii
599 3569 703 3620 dissert.
732 3569 764 3618 de
789 3570 876 3620 causis
900 3570 979 3622 alicui
1005 3569 1197 3626 Platonicorum
1219 3570 1273 3626 re·'

45 3638 189 3688 cantiorum
211 3651 226 3686 a
246 3637 371 3698 religione
391 3637 534 3688 christiana
554 3637 641 3688 animi.
661 3636 692 3688 L.
713 3635 789 3688 1785.
809 3640 836 3690 4.

110 3701 173 3772 m)
195 3703 262 3755 Hine
276 3706 530 3770 nataesttheologia
543 3707 661 3772 mystico,
684 3706 757 3756 cuius
776 3707 887 3770 vestigia
905 3714 947 3757 sot
965 3706 1047 3759 multa
1066 3709 1091 3759 iu
1110 3711 1260 3778 seriptiaet

45 3773 255 3826 Christianorum
276 3773 324 3839 (cl.
344 3775 484 3824 Mnshmrii
500 3774 682 3826 Continenturii
702 3775 733 3824 de
754 3775 831 3824 rebus
850 3775 992 3826 Christian.
1015 3783 1074 3827 ante
1090 3773 1259 3833 ¹Constantia.

45 3841 79 3892 lt.
100 3860 127 3910 p.
148 3842 200 3894 tto
219 3857 275 3908 sqq.
294 3857 321 3908 p.
341 3842 390 3894 659
406 3845 481 3910 sqq.)
499 3850 526 3894 et
544 3839 796 3910 Neoplatcnicoram,
817 3841 898 3908 Celsi,
918 3841 1063 3910 Porphyrii,
1084 3844 1178 3898 Plotini
1197 3849 1261 3900 alio·

44 3926 153 3978 rumque
167 3911 345 3976 reperiuntur.
671 3941 672 3948 .
1043 3919 1045 3928 '

110 3978 142 4043 ᾗ)
162 3979 215 4044 „Si
233 3979 260 4029 iu
277 3980 426 4030 habitaculo
444 3987 500 4046 tuo,
520 3980 583 4031 dicit
603 3981 747 4048 Cyprianus
764 3978 969 4032 inmortalitate
989 3995 1015 4047 p.
1033 3981 1094 4036 23⁶.
1113 3982 1259 4056 steorte,

47 4048 162 4114 parietes
180 4055 314 4100 vetustate
336 4056 472 4110 nutarent,
493 4057 562 4100 teuta
582 4049 693 4115 desuper
710 4055 865 4114 tremerent,
889 4050 978 4100 domus
998 4049 1188 4122 iamlatigata,
1209 4058 1260 4110 iarn

46 4117 133 4180 lassa,
155 4117 284 4167 aediliciis
305 4123 440 4168 senectute
459 4118 617 4182 labentibus,
636 4119 737 4168 ruinam
757 4117 898 4183 proximam
916 4119 1069 4184 minaretur,
1089 4138 1171 4174 nonne
1193 4127 1260 4178 omni

47 4185 182 4236 celeritate
202 4187 352 4249 migrares?
371 4215 404 4226 -
425 4213 457 4226 -
477 4209 507 4226 -
529 4185 638 4237 Mundus
657 4201 718 4237 eece
737 4193 811 4236 nutat
829 4193 855 4236 et
873 4184 970 4237 labitur
988 4189 1131 4241 struinam
1150 4194 1190 4242 sui
1211 4203 1259 4243 noa

48 4253 254 4306 iom‘seneetnte
272 4269 374 4319 rerum,
395 4254 510 4306 sed'line
531 4261 651 4305 testetur.
689 4253 770 4304 lit-tu
789 4271 837 4305 nou
857 4255 911 4306 Deo
932 4255 1031 4318 nanae
1052 4259 1121 4324 agis,
1144 4273 1193 4310 uoa
1212 4263 1259 4312 tihi

47 4323 197 4388 gratuleris,
218 4324 286 4389 qnod
306 4323 378 4374 eaitu
395 4323 536 4386 maturiore
553 4324 711 4386 subtractus,
731 4323 813 4376 ruinis
831 4330 859 4374 et
876 4324 1019 4388 naufragiis
1035 4333 1063 4376 et
1079 4328 1163 4395 plagis
1179 4329 1260 4380 immi-

45 4393 166 4444 nentibus
185 4393 342 4446 exuarisl“
364 4391 405 4444 Gi.
427 4393 586 4442 Tertulliani
602 4390 738 4458 Apologet.
760 4408 783 4442 c.
803 4392 846 4444 39.
894 4437 897 4440 .

36 4480 39 4486 ·
111 4463 167 4530 ††)
186 4461 335 4530 v,·1oertnt
350 4461 482 4530 Martyria
502 4459 626 4525 Dialogus
645 4475 702 4516 curu
720 4459 867 4529 Tryphone,
889 4477 915 4531 p.
934 4461 995 4520 2l5.
1015 4462 1057 4514 ed.
1075 4462 1132 4515 Col.
