2944 4890
189 267 259 335 aso
484 277 514 302 ⁴-
550 267 654 339 nur.
686 215 1035 362 conquassamus
1075 249 1081 261 '

114 461 117 474 ·
190 453 253 508 est:
271 441 350 508 siout
364 463 448 528 aqna.
459 443 604 528 extinguit
619 445 730 528 ignem,
744 445 786 510 ita
799 447 990 532 eleemosyna
1004 445 1187 530 peccatone
1202 443 1404 528 augustiuus

156 544 160 552 '
191 535 249 614 (ep.
260 534 311 594 aa.
323 535 516 606 odrinrelimn
528 539 772 615 Carthaginensem
783 538 893 617 episc.):
912 536 964 614 „Si
982 535 1049 620 quis
1068 556 1119 616 pro
1135 532 1279 610 religione
1295 535 1405 616 aliquid

190 619 337 702 pecuniae
354 621 460 686 offerre
478 623 609 701 noluerit,
628 624 659 684 in
684 625 832 706 praesenti
850 624 1030 705 pauperibus
1048 633 1160 704 eroget.
1187 621 1231 684 lta
1248 643 1302 684 noo
1320 625 1406 684 dese-

189 730 256 771 rere
272 708 447 772 ridebuntur
462 711 617 798 memorias
632 732 763 792 suorum,
780 715 855 794 quod
873 724 967 793 potest
983 712 1108 793 gignere
1125 731 1183 774 non
1198 709 1292 774 levem
1309 711 1406 776 cordis

190 797 330 875 dolorem,
351 809 380 860 et
393 799 423 860 id
444 799 641 862 celebrabitur
655 800 686 862 in
707 800 844 886 eeclesia,
863 803 939 882 qnod
957 801 1006 882 pio
1025 812 1054 864 et
1070 801 1191 862 lroneste
1207 799 1406 864 celebratur.“

190 884 301 949 Eadem
319 890 528 971 propemodum
543 888 633 968 refert
650 889 694 950 Jo.
714 887 941 970 chrysostomus
957 889 988 950 in
1007 899 1080 952 orat.
1094 891 1127 950 de
1141 889 1321 964 martyribus.

277 973 411 1054 Crrp.ll.
454 975 506 1038 De
540 975 814 1055 orationibus,
855 977 1066 1059 precibus,
1109 975 1405 1053 oblationibus,

188 1060 417 1124 sacrificiis
454 1074 489 1124 et
512 1062 655 1130 ,diebus
681 1063 984 1128 anniversariis
1014 1085 1081 1146 pro
1106 1061 1322 1126 animabus
1345 1066 1405 1126 dc-

174 1147 205 1209 ‘f
211 1156 426 1215 unctorum.
463 1149 669 1214 Tertullianus
693 1150 724 1212 in
751 1155 797 1215 lib.
823 1155 856 1214 de
875 1175 977 1216 corone
1001 1156 1102 1214 milit:
1129 1150 1332 1236 „Oblationes
1356 1173 1405 1233 pro

188 1235 354 1314 destinetis,
374 1258 427 1318 pro
446 1236 587 1304 natrrlitiis
602 1260 706 1314 annun
722 1241 769 1302 die
788 1240 946 1304 irruimus.“
991 1240 1029 1306 Et
1047 1238 1076 1299 in
1097 1241 1142 1302 lib.
1160 1241 1193 1300 ds
1213 1247 1405 1319 manopumior

186 1323 372 1400 „Eniurrero
392 1347 443 1407 pro
462 1325 561 1390 anima
582 1327 647 1408 ejus
666 1337 729 1390 oret
752 1337 781 1388 et
797 1327 983 1405 refrigerium
1001 1325 1117 1389 interim
1133 1327 1300 1408 adpostulat
1316 1328 1358 1402 ei,
1374 1339 1404 1396 ‚et

186 1411 219 1472 in
238 1412 332 1492 prima
349 1414 566 1478 resurrectione
585 1416 781 1494 consortium,
800 1426 829 1478 et
848 1415 952 1480 offerat
967 1415 1074 1478 anwnuis
1094 1415 1198 1478 diebos
1223 1415 1403 1477 dormitionis

187 1500 300 1581 ejus.“.
319 1501 398 1564 Hinc
416 1503 683 1568 anniversariorum
703 1524 854 1568 socerorum
880 1526 931 1586 pro
958 1502 1105 1566 defunctis
1123 1523 1190 1584 curn
1209 1500 1403 1586 eleemosynis

187 1587 283 1667 origo,
302 1611 377 1672 quae
395 1595 472 1673 apud
489 1613 544 1654 uos
560 1603 702 1674 perpetua
714 1592 918 1661 instituuntur.
944 1593 1039 1671 Quam
1053 1613 1114 1655 reru
1127 1591 1248 1671 perinde
1259 1613 1295 1654 ac
1312 1611 1404 1672 nuper

185 1675 349 1740 institutam
366 1679 509 1762 baeretici
525 1682 610 1744 bodie
629 1681 761 1743 irrident.
796 1679 963 1763 Cyprianus
982 1683 1043 1759 (lib.
1060 1687 1085 1742 t.
1103 1686 1183 1760 epist.
1200 1681 1228 1740 9.
1247 1683 1285 1742 ad
1302 1683 1403 1742 ebrum

185 1767 212 1826 ei
228 1767 331 1844 plebem
347 1771 597 1848 Furnitunoram):
625 1767 792 1850 „Episcopi
810 1780 1016 1830 antecessores
1032 1768 1125 1829 nostri
1137 1765 1286 1852 religiose
1303 1767 1402 1830 consi-

61 1855 66 1866 '
186 1853 371 1918 derectoset
388 1854 548 1919 salubriter
569 1857 755 1938 providentes
774 1866 969 1935 censuerunt,
997 1877 1035 1917 ne
1054 1855 1121 1936 quis
1138 1855 1228 1918 irater
1245 1858 1399 1932 excedens,

185 1942 223 2001 nd
243 1942 364 2004 tutelam·
379 1945 425 2006 ael
445 1967 545 2007 euram
563 1944 701 2006 clericum
718 1943 898 2022 nominaretq
922 1965 959 2005 ac
977 1943 1003 2004 si
1025 1943 1091 2024 quis
1109 1944 1165 2005 boc
1182 1943 1320 2022 lecisset,
1342 1964 1398 2004 non

185 2025 341 2090 offerretur
373 2053 425 2114 pro
459 2054 493 2093 eo
522 2053 575 2094 nec
602 2031 780 2096 sacrificium
811 2054 863 2114 pro
893 2031 1066 2098 dormitione
1100 2031 1165 2112 ejus
1193 2029 1399 2094 celebraretur.
1457 2113 1458 2116 Ἴ

183 2115 289 2197 Neque
306 2117 383 2192 onim
401 2122 478 2199 apud
495 2119 587 2181 altare
604 2119 660 2180 Dei
680 2131 806 2182 meretur
822 2119 967 2182 nominari
985 2119 1014 2180 in
1031 2121 1217 2182 sacerdotum
1234 2140 1330 2200 prece,
1350 2119 1397 2200 qui

81 2260 84 2270 .
183 2203 222 2264 ab
245 2203 331 2268 altari
357 2209 526 2270 sacerdotes
552 2217 581 2268 et
604 2205 752 2271 ministros
776 2207 868 2271 noluit
890 2228 1025 2270 auocare.
1063 2207 1101 2268 Et
1125 2207 1191 2269 ideo
1216 2208 1317 2271 Victor
1334 2228 1397 2269 auor

183 2301 287 2362 eontra
305 2294 428 2372 formam
448 2315 542 2377 nuper
555 2295 589 2356 in
609 2294 731 2366 concilio
753 2296 997 2358 asacerdotibus
1016 2297 1112 2357 datam
1132 2294 1299 2377 Geminium
1316 2295 1396 2356 Fau·
1457 2373 1458 2386 χ

182 2381 290 2444 'stinnrn
316 2385 524 2466 presbyterum
537 2404 629 2446 ausus
651 2383 690 2446 sit
713 2395 836 2447 tutorem
861 2383 1057 2460 constituere,
1080 2403 1139 2444 non
1164 2393 1224 2456 est,
1249 2385 1326 2465 qnod
1346 2403 1396 2462 pro
1457 2389 1458 2421 r

182 2469 357 2534 dormitione
372 2472 437 2554 ejus
457 2473 535 2553 apud
552 2492 604 2536 vos
623 2470 674 2535 fini
692 2471 811 2549 oblatio,
831 2481 883 2534 aut
901 2470 1065 2553 deprecatio
1083 2470 1183 2550 aliqua
1200 2471 1317 2532 nomine
1333 2471 1396 2552 ejus

180 2557 213 2617 ir'r
231 2557 359 2620 ecclesia
374 2559 625 2640 frequentaretur:
643 2571 674 2622 nt
690 2563 875 2623 sacerdotum
892 2562 1039 2622 decretum
1056 2556 1198 2638 religiose
1213 2567 1242 2620 et
1257 2579 1397 2621 necessa-

179 2641 353 2717 riefifactum
371 2654 505 2730 serretur
524 2669 544 2709 a
561 2647 677 2712 nobis.“
710 2647 860 2712 Eusebius
880 2647 927 2730 (de
943 2654 991 2712 nit.
1009 2651 1102 2708 donst.
1118 2644 1150 2724 4,
1169 2647 1250 2724 70.).·
1278 2646 1397 2724 „lanu-

179 2732 331 2796 merabilis
351 2734 477 2816 populus
498 2739 638 2798 unacum
657 2736 860 2800 sacerdotibus
879 2735 944 2811 Dei,
963 2755 1021 2796 non
1038 2733 1103 2798 sine
1119 2733 1232 2813 genritu
1247 2753 1283 2796 ac
1302 2733 1396 2816 larry-
1456 2763 1457 2787 ι

178 2818 254 2899 mis,
282 2843 335 2902 pro
360 2823 546 2904 imperatoris
573 2823 672 2904 anima
693 2845 798 2906 preces
825 2822 988 2886 offerebant
1010 2822 1092 2900 Deo,
1117 2821 1320 2902 gratissimum
1349 2821 1395 2902 pio

178 2907 307 2989 'principi
331 2909 459 2973 cilicium
484 2911 686 2989 exhibentes.“
714 2911 905 2992 ,Augustinus
930 2911 1072 2988 (confess.
1095 2905 1211 2988 9,1l.)
1237 2911 1273 2972 de
1293 2926 1397 2971 saorra

177 2992 301 3059 Munica
318 3007 409 3062 matre
426 3021 481 3062 sun
498 2999 639 3062 moriente
655 3001 792 3082 loquens,
809 3000 868 3062 nit:
886 2996 990 3076 „lllnd
1008 3017 1060 3060 ros
1076 3016 1161 3078 rogo,
1176 3007 1209 3060 ut
1225 2999 1261 3060 ad
1278 2995 1396 3060 Domini

177 3081 269 3148 altare
286 3086 474 3150 memineritis
490 3087 558 3167 mei,
577 3089 629 3150 obi
645 3087 792 3152 fueritis.“
826 3086 865 3148 Et
880 3108 943 3167 cop.
958 3088 1024 3147 tn:
1043 3086 1172 3166 „Neque
1188 3085 1219 3146 in
1238 3085 1280 3156 eis
1297 3085 1397 3167 preci-

175 3171 250 3250 bus,
280 3196 355 3257 quas
374 3175 428 3236 tibi
451 3175 598 3254 indimus,
626 3195 692 3238 cum
717 3175 769 3238 tibi
795 3174 949 3238 offerretur
973 3194 1025 3254 pro
1047 3195 1083 3238 ea
1107 3172 1283 3236 sacrificium
1310 3171 1396 3254 pretii

175 3263 278 3335 nostri,
297 3264 383 3344 juxta
406 3263 575 3344 sepulcrum
594 3265 691 3344 posito
712 3265 865 3338 cadavere,
891 3262 1062 3343 priusquam
1081 3263 1294 3343 deponeretur,
1319 3261 1396 3324 sicot

172 3345 238 3412 illio
252 3350 316 3412 lieri
333 3349 418 3427 solet,
436 3351 538 3413 nonin
555 3350 598 3414 eis
614 3351 753 3433 precibus
769 3372 827 3432 ego
843 3351 940 3412 neria
966 3350 1090 3412 Precum
1102 3360 1130 3412 et
1141 3347 1393 3430 eleemosynarum
1454 3403 1455 3426 ,

172 3455 227 3516 pro
248 3437 450 3500 defunctorum
468 3438 622 3502 animabus
641 3440 816 3504 mentionem
834 3436 948 3500 faciunt
975 3439 1020 3502 Jo.
1038 3437 1266 3520 Chrysostomus
1285 3439 1394 3519 (bomil.

174 3525 226 3587 61.
246 3531 275 3587 in
288 3529 342 3588 111.
368 3549 430 3608 cup.
449 3533 555 3590 donna.
581 3537 609 3590 et
631 3551 715 3592 serm.
734 3527 765 3590 3.
787 3533 817 3590 in
842 3549 906 3608 unp.
928 3527 1288 3606 impresentiarum).
1320 3524 1392 3587 ltem

171 3612 360 3693 Augustinus
392 3616 485 3696 (epist.
510 3617 562 3678 ut.
582 3617 621 3678 nd
643 3619 788 3680 Aureliam
812 3622 896 3695 episc.
916 3616 1080 3694 camboni:
1109 3613 1312 3692 „Oblationes
1338 3632 1392 3693 pro

172 3700 326 3801 spiritibus
343 3701 558 3782 dormientium,
576 3725 651 3786 quas
668 3725 736 3767 vere
753 3703 865 3785 aliquid
880 3701 1021 3784 adjuvare
1037 3703 1213 3766 credendum
1229 3711 1284 3776 est,
1302 3721 1394 3781 super
1453 3753 1454 3762 ,

169 3806 253 3868 rpsns
275 3791 518 3855 memoriaenon
543 3792 603 3854 sint
626 3801 834 3874 sumptuosae,
863 3801 951 3873 atque
976 3789 1111 3852 omnibns
1136 3789 1310 3872 petentibus.
1327 3789 1392 3850 sine

117 3931 123 3940 ,
171 3875 259 3956 typbo
289 3889 318 3941 ct
336 3901 402 3942 oorn
423 3879 576 3944 alacritate
604 3883 805 3962 praebeantur
828 3899 923 3961 neque
941 3879 1134 3942 reodanrort‘
1169 3877 1275 3940 Tradit
1291 3875 1390 3952 Meta-

169 3961 316 4043 phrasim,
329 3967 471 4032 ioannem
481 3967 758 4054 Eleemosynnrinm
771 3967 970 4050 praecepisse,
987 3965 1132 4048 „impigre
1146 3964 1208 4028 fieri
1224 3964 1389 4028 oblationes
1452 4009 1453 4020 .

169 4059 199 4112 ct
216 4051 364 4116 sacrificia
381 4077 434 4135 pro
455 4056 637 4122 defunctis.“
672 4057 724 4120 Sic
747 4058 782 4119 de
800 4055 899 4118 Torua
921 4057 1092 4136 presbytero
1110 4055 1192 4116 Beda
1215 4050 1298 4136 (bist.
1315 4051 1390 4115 ecel.

148 4134 199 4214 ,4,
217 4138 285 4216 22.)
303 4141 415 4221 scribit,
439 4148 544 4228 „quod
562 4145 594 4208 in
612 4143 789 4209 monasterio
806 4142 970 4206 'l'nminstir
986 4163 1039 4222 pro
1056 4142 1146 4206 fratre
1162 4161 1236 4214 suo,
1255 4161 1342 4222 quern
1360 4139 1389 4202 io

72 4289 79 4296 ,
161 4223 247 4308 ‘bello
273 4227 458 4292 interiectum
478 4240 610 4313 potarat,
638 4233 759 4316 saepius
783 4231 890 4294 missas
915 4227 1089 4306 celebrarit,
1104 4281 1107 4286 .
1122 4249 1174 4311 pro
1200 4227 1389 4300 absolutione

166 4315 386 4398 animnoejus:
418 4316 666 4400 siequeiaetom,
686 4311 1052 4384 ,urin'nettooneuioe
1075 4316 1153 4400 vinei
1177 4327 1289 4400 posset.
1321 4315 1389 4378 Hoc
1451 4375 1452 4380 ,

164 4401 310 4468 miraculo
328 4403 449 4485 permoli
467 4403 529 4484 alii,
552 4407 692 4472 similiter
704 4429 757 4490 pro
775 4405 847 4486 illis,
870 4406 919 4488 qui
939 4408 975 4468 de
991 4405 1094 4469 seculo
1112 4405 1283 4486 migrarant,
1303 4402 1389 4468 obla·
1451 4437 1452 4480 ,

168 4489 256 4568 *ionis
275 4512 379 4558 sacrae
395 4490 530 4559 victimas
546 4493 688 4577 tulerunt,
700 4494 809 4577 edocti
830 4492 1006 4562 sacrificinm
1023 4495 1134 4562 missae
1151 4496 1189 4584 ad
1207 4492 1387 4578 redemptio·

1449 4661 1451 4746 l
