2944 4898
225 231 261 293 de
275 229 467 312 psalmorum,
483 216 702 310 aymnnrnnlot
714 231 838 317 odarum
855 203 1032 294 discrimine.
1190 230 1231 304 ot

23 423 114 466 raram
130 409 160 465 et
175 395 301 466 aliorum
325 403 480 484 spirituum
497 401 667 482 tetrioprum
679 402 822 486 ineptias,
849 405 957 486 quibus
975 403 1125 470 cantiones
1141 403 1233 472 reteri
1318 410 1327 418 '

23 489 167 566 ecelesiae
185 507 253 556 esse
268 491 493 570 aduersissimas
510 489 633 573 ideoque
648 510 684 554 ex
702 501 786 554 coetu
802 493 922 555 exulare
936 485 1042 557 debere
1058 509 1143 558 sacro
1159 514 1233 559 eou-

24 582 159 658 teudunt,
182 579 281 646 statim
298 591 482 660 spernamus.
519 579 551 640 ln
575 580 680 642 funere
701 599 788 660 porro
806 579 934 642 carmina
950 579 1044 644 fuisse
1061 579 1130 644 nlirn
1146 585 1232 646 adbi-

24 666 77 728 bita
93 675 123 728 et
140 670 313 746 decantata,
338 667 402 730 siu'e
426 665 489 728 alla
506 667 685 728 dubitatione
710 667 903 745 affirmamus,
928 689 985 750 quo
1008 669 1170 734 euidentius
1195 689 1233 735 ex

23 755 112 816 saeris
138 753 327 834 intelligitur,
351 753 494 818 Davidem
514 753 546 814 in
563 763 652 816 morte
669 755 770 818 Saulis
786 755 999 820 et'lnnathanis
1021 777 1075 819 aec
1091 779 1150 819 non
1167 759 1233 820 Ab·

23 842 78 902 neri
104 841 140 922 (2
158 842 239 906 Sam.
259 841 288 920 1,
308 844 365 920 173
388 839 520 924 o,·33.),
544 841 697 903 ieremiam
717 842 751 923 jn
774 851 863 905 morte
880 843 977 906 lasiae
1003 842 1232 926 (tauronto,
1290 875 1295 883 =

24 927 94 1011 25.),
120 937 213 990 totum
229 927 370 1010 populum
386 938 499 990 mortuo
516 920 699 990 Maccabaeo
716 931 791 991 Juda
806 931 838 1008 (l
856 929 954 1007 Maec.
971 927 1001 1008 9,
1020 929 1084 1011 26.)
1103 933 1232 997 carmina
1321 929 1350 1009 J
1370 969 1378 980 ·

22 1019 193 1079 decantasse
211 1016 359 1078 funebria.
400 1016 459 1092 Qui
485 1035 563 1094 mos,
589 1015 701 1078 diutina
719 1017 908 1098 usurpatione
925 1017 1072 1097 firmatas,
1097 1019 1233 1083 666161-

21 1105 133 1166 stianue
152 1102 297 1166 ecelesiae
314 1102 501 1183 primordium
519 1111 547 1164 et
569 1101 693 1172 ulterius
711 1103 889 1184 penetrarit,
912 1099 998 1186 proni
1022 1127 1059 1168 ex
1076 1101 1183 1174 Mattio.
1201 1105 1232 1190 9,

23 1193 67 1252 23.
85 1191 304 1269 Prudentin*),
328 1189 546 1270 augustinns)
565 1200 619 1252 ete.
637 1192 706 1253 lieet
722 1211 910 1272 cognoscere.
944 1229 987 1238 —
1018 1193 1045 1276 §.
1063 1195 1093 1257 9.
1117 1195 1232 1259 Peran-

22 1279 95 1359 tiqua
112 1281 230 1341 tandem
248 1277 458 1340 cousuetudine
473 1275 531 1338 fuit
545 1287 708 1358 receptum,
728 1279 857 1341 earmina
872 1279 904 1340 iu
923 1279 1076 1360 conviviis,
1094 1303 1234 1363 praesens

23 1367 62 1426 tim
86 1366 329 1442 solennioribus,
354 1365 384 1424 in
402 1366 538 1428 hommem
562 1365 652 1427 diuini
678 1367 804 1430 numinis
822 1367 970 1428 modulata
995 1363 1074 1430 roee'
1089 1371 1232 1450 proferre.

24 1454 209 1533 lleplicantes
227 1461 321 1515 autem
340 1451 483 1532 originem
502 1451 583 1513 illius
609 1453 713 1531 moris,
738 1453 811 1515 nulli
837 1457 957 1516 eandem
982 1455 1027 1515 vel
1046 1455 1169 1519 Graecis
1185 1452 1231 1520 rel

24 1542 184 1603 orcadibus
202 1539 249 1603 rel
267 1539 507 1601 Lacedaemoniis
526 1541 700 1619 repetimus,
719 1543 770 1601 sed
789 1543 901 1621 absque
918 1541 979 1601 ullo
996 1533 1100 1620 lapsus
1117 1551 1232 1632 etpro-

25 1627 163 1708 lapsionis
175 1627 312 1708 'periculo
329 1627 465 1707 autiquae
483 1627 684 1688 Hebraeorum
710 1623 788 1704 genti
813 1631 927 1690 alannus.
965 1625 1021 1689 His
1039 1629 1113 1690 enim
1131 1630 1161 1690 in
1179 1651 1232 1694 sa·

24 1717 70 1776 eris
83 1715 147 1796 aar)
175 1736 270 1796 aeque
286 1735 322 1776 ac
337 1713 470 1795 profanis
488 1713 583 1794 epulis
601 1714 723 1778 cauendi
742 1713 945 1795 psallendique
961 1714 1055 1778 fuisse
1072 1713 1235 1780 cousuetuss
1278 1738 1281 1746 ¹
1352 1765 1361 1775 .

23 1803 110 1864 linem
130 1803 289 1883 preprium,
306 1801 458 1865 innumera
476 1801 511 1864 v.
528 1810 555 1861 et
572 1801 608 1862 N.
627 1801 670 1862 Τ.
685 1801 806 1862 oracula
821 1811 890 1864 sunt
907 1804 1080 1863 documento
1098 1803 1231 1883 (1666,
1281 1852 1287 1858 -

25 1893 71 1968 ¹33
89 1894 153 1952 les.
171 1889 224 1966 24,
242 1892 279 1966 9,;
298 1889 397 1951 Aures.
413 1887 443 1963 6,
460 1889 490 1949 5.
507 1889 543 1961 66
561 1887 642 1950 Lac.
662 1886 713 1964 15,
731 1889 807 1965 25).
842 1888 979 1968 Inprimis
996 1885 1145 1952 Sirenides
1163 1889 1230 1971 (32,

24 1979 117 2055 7-93
133 1975 189 2056 46,
207 1979 264 2054 26,
279 1973 460 2051 46,·1-3.)
478 1972 559 2034 illius
576 1973 725 2038 euidenter
739 1974 876 2048 meminit,
895 1997 960 2037 cum
978 1986 1095 2038 cautum
1110 1977 1139 2037 in
1156 1997 1232 2040 oon-
1287 1979 1294 1988 '

23 2064 109 2142 riviiS,
130 2085 188 2126 cen
203 2083 347 2126 surnmum
366 2061 481 2122 illorum
498 2072 708 2137 ornamentum,
726 2061 846 2150 mirifice
863 2059 1053 2140 6666666661,
1071 2067 1147 2127 unde
1163 2066 1231 2146 qni-

22 2151 84 2214 libet
100 2151 255 2230 saniorum
277 2151 453 2231 ludaeorum
469 2147 532 2211 sire
548 2150 725 2235 accumbens
741 2149 804 2212 sire
820 2170 948 2220 annena
964 2171 1092 2230 surgens
1109 2153 1231 2234 hymnos

19 2242 158 2318 'quosdam
177 2237 322 2300 cecinisse
339 2235 502 2316 legitema
518 2257 575 2316 quo
599 2237 751 2316 praeclaro
769 2236 953 2318 sapientique
977 2237 1231 2302 ordire-caristus

25 2349 136 2408 queque
161 2347 222 2386 nou
248 2324 361 2386 ridetur
384 2323 588 2399 abhorruisse,
614 2325 729 2404 qnando
753 2334 820 2404 post
843 2343 964 2386 coenam
989 2324 1159 2403 paschalem
1179 2327 1232 2388 illa

25 2427 109 2489 rtoete,
137 2435 198 2494 qua
214 2411 336 2474 traditus
352 2411 424 2485 suit,
450 2423 591 2472 uua'ctua
609 2410 750 2490 apostolis
766 2413 910 2492 ‚lrymnum
929 2411 1097 2472 decantavit
1113 2411 1231 2490 (Mattlr.
1286 2417 1292 2427 ’

25 2499 66 2578 26,
79 2505 160 2580 aa).
188 2499 244 2562 Hic
261 2509 363 2579 postea
381 2495 453 2558 ritus
471 2499 506 2576 ad
518 2497 592 2558 alias
610 2499 719 2578 pariter
734 2514 868 2578 paganas
884 2496 1010 2559 annuarit
1026 2507 1141 2577 gentes,
1158 2499 1233 2560 adeo

26 2599 48 2648 ut
62 2591 205 2650 Arcades*
222 2597 250 2648 et
272 2583 496 2648 Lacedaemonii
522 2586 599 2664 apud
617 2585 860 2660 1116666661),
887 2583 993 2647 Graeci
1017 2583 1094 2664 apud
1117 2584 1232 2646 Home-

29 2677 165 2754 rum††),
192 2673 316 2735 Romani
341 2674 419 2752 apud
438 2670 701 2750 Ciceronemiii)
727 2673 854 2734 Decurre
882 2691 1002 2732 sanorum
1026 2670 1149 2770 hpmnos
1174 2674 1234 2734 alta
1325 2665 1337 2676 ’

30 2783 88 2823 rore
105 2764 136 2822 iu
154 2760 220 2822 suis
238 2759 393 2840 syruposiis
405 2757 556 2819 'cecinisse
573 2766 775 2830 memorentur,
791 2748 940 2817 mutuaturi
959 2770 986 2818 et
1003 2750 1233 2838 6661666666]-

30 2847 100 2928 latos,
125 2851 185 2910 lnoc
205 2856 298 2908 tannen
317 2845 427 2924 ordine,
450 2852 482 2904 ut
499 2843 621 2924 quilibet
637 2845 767 2919 conviva,
794 2844 840 2904 rui
858 2843 1011 2923 poculum,
1038 2847 1114 2920 quod
1132 2853 1234 2922 postea
1285 2843 1289 2850 ’
1343 2877 1351 2892 =

30 2917 96 2996 ider
107 2928 305 3010 6666666661
319 2931 401 3014 myrti
419 2951 517 2992 rrimus
535 2930 775 3011 propinabantur,
793 2927 1142 3009 666116611611666666666
1161 2929 1233 2990 uoce

31 3023 169 3099 pulchram
188 3023 332 3102 quandam
352 3019 524 3080 cantilenam
542 3015 727 3077 inhonorem
744 3015 890 3094 Apollinis
913 3023 941 3074 et
956 3013 1072 3086 'Dianae
1090 3013 1234 3093 preferret
1296 3075 1300 3082 ,

31 3108 53 3167 iu
67 3111 191 3172 medinm
209 3121 238 3170 et
252 3107 329 3169 idern
346 3128 363 3168 a
380 3106 476 3168 viciae
495 3103 665 3194 postularet.
690 3103 752 3164 Nec
769 3101 844 3162 forte
860 3101 971 3180 absque
989 3098 1168 3180 solidaque
1184 3101 1233 3169 in-

32 3197 214 3275 stigabantur,
232 3195 345 3256 ratione
362 3204 390 3255 et
407 3191 583 3254 consolanti
602 3191 689 3272 bajus
708 3189 796 3251 aroris
813 3189 934 3250 fuerunt
949 3186 1161 3265 aestimatores,
1180 3190 1234 3251 sed
1346 3207 1350 3212 ’

33 3283 105 3346 facile
124 3295 169 3347 est
186 3285 311 3363 probatu
328 3303 364 3342 ex
380 3281 444 3360 ipso
460 3281 620 3356 Athenaeo,
639 3277 753 3358 priscas
769 3275 837 3338 illas
854 3285 958 3355 gentes
975 3275 1011 3356 ad
1031 3278 1233 3356 temperandes

34 3373 207 3434 rorarivarnu'r
224 3389 320 3431 atores
345 3377 372 3428 et
395 3361 601 3447 perniciosam*
617 3365 778 3426 euitandam
798 3360 995 3426 terrulentiarn
1012 3363 1090 3426 hunc
1110 3357 1234 3428 canendi
1282 3418 1286 3432 ,

35 3459 105 3520 ritum
129 3457 293 3536 reeepisse.
340 3449 434 3534 Cujus
458 3451 600 3532 sapientis
627 3451 743 3530 consilii
769 3451 911 3512 rationem
936 3449 1045 3530 pariter
1069 3449 1234 3535 habuerunt

33 3545 129 3627 antiqui
147 3539 301 3608 christiani
326 3540 452 3602 nominis
469 3531 669 3620 professores,
693 3548 725 3600 ut
742 3535 930 3598 iu‘eonririis
947 3558 965 3596 u
982 3534 1101 3596 caritate
1118 3527 1235 3615 ‹iydnoo

34 3632 209 3714 nuncupatis,
222 3652 260 3692 ne
276 3629 322 3694 rel
337 3627 477 3690 ebrietate
489 3625 536 3690 rel
549 3625 671 3706 crapula
685 3624 732 3686 rel
745 3623 900 3686 obscoenis
915 3621 1149 3702 scurrilibusque
1157 3620 1234 3702 jucis

32 3771 246 3790 ——a-——urfi-

91 3863 119 3936 ιι)
137 3867 166 3920 16
185 3869 278 3934 fanore
296 3865 419 3918 Romanii
437 3864 513 3913 docta
530 3865 622 3914 nuulr'er
639 3861 794 3926 cpsalterr'e
812 3861 929 3926 lupinorum
947 3856 1065 3908 6666661,
1221 3899 1234 3926 Α,

35 4002 46 4052 d
92 3937 184 4002 **)'rn
201 3937 318 4006 exequiis
333 3935 423 3986 metris
445 3949 507 3984 suae
525 3926 643 3984 Monieae
662 3925 809 3998 episcopum
827 3927 952 3978 uvadium
972 3933 1010 3992 ps.
1031 3923 1090 3976 tot.
1109 3923 1235 3990 cecinisse

48 4004 97 4055 icit.
1021 4025 1025 4044 .

93 4071 152 4140 m)
175 4070 271 4139 Qualia
290 4072 495 4122 instituebantur
514 4069 539 4119 iu
559 4068 633 4120 festis
652 4065 711 4131 agui
730 4061 875 4134 paschalis,
905 4068 1085 4130 pentecostes,
1115 4061 1238 4134 1616666·

36 4139 146 4207 culorum,
167 4142 352 4192 encaeniorum
372 4156 393 4190 s.
415 4137 586 4189 dedicationis
602 4137 701 4204 templi.
1163 4164 1165 4174 ·
1207 4135 1209 4140 '

94 4212 125 4275 †)
144 4211 322 4275 Beiprrosnpb.
341 4209 384 4260 11.
405 4225 431 4274 6.
451 4223 485 4258 nt.
506 4207 566 4258 665.
592 4213 596 4228 ’
865 4271 867 4278 Α

93 4281 144 4346 Η)
165 4281 260 4346 oopus.
282 4291 301 4326 a
322 4285 346 4326 et
362 4281 392 4332 a.
407 4272 610 4342 ubicytlraram
629 4272 744 4324 nominat
762 4265 858 4328 oneror
874 4267 994 4338 iretque.
1092 4273 1095 4280 ⁴
1233 4317 1235 4330 ,

93 4349 165 4415 †††)
185 4349 213 4398 in
234 4351 319 4395 Bruto
344 4346 396 4410 ait,
425 4343 541 4396 earmina
558 4344 585 4394 iu
604 4343 687 4411 epulis
705 4357 762 4393 esse
788 4333 1187 4416 66666666166611666661616
1206 4331 1237 4383 dc

40 4415 149 4472 clarorum
169 4416 288 4482 uirorum
305 4413 437 4466 laudibus.
599 4415 601 4420 “
641 4428 660 4437 ”
867 4421 869 4426 ’

987 4452 1230 4534 r*·'
