2944 4890
198 133 266 205 2⁹0
603 125 732 193 niu.
746 73 751 80 Ι
764 122 1009 218 marchuu-
1084 85 1110 172 ·Ι

201 311 337 384 debebat,
360 307 476 370 taudem
494 304 679 388 frigesceret,
703 301 869 385 Cyprianus
889 321 940 382 pro
957 297 1100 366 laudabili
1119 316 1175 360 sno
1194 297 1426 360 conseruandae

200 399 234 462 iu
256 396 393 460 omnibns
411 389 560 466 iceaiiae‘
578 391 675 454 studio
694 402 851 474 martyrum
867 389 1014 452 desiderio
1031 388 1222 462 diaconorum
1238 382 1384 448 consiliis
1400 395 1425 446 et

201 485 365 566 scripturae
389 479 553 563 praeceptis
576 480 735 558 gubernari
753 477 854 551 voluit,
873 497 911 540 ue
926 477 1091 556 importuna
1109 473 1259 554 lapsurum
1276 471 1425 553 petitione

203 571 347 654 compulsi
366 569 430 632 suis
457 587 509 630 eos
526 566 634 630 libellis
647 567 794 648 jurarent,
813 567 921 646 quibus
939 566 977 626 ob
993 562 1146 626 criminum
1162 563 1351 624 atrdcitatcru
1372 581 1425 620 nou

202 660 370 731 minuenda,
395 655 493 738 potius
516 655 660 736 augenda
678 663 758 716 esset
780 651 956 732 disciplinae
976 650 1136 714 canonicae
1158 669 1265 730 poena.
1314 649 1425 712 Verum

203 769 270 814 euru
288 767 325 810 ue
343 745 418 808 haec
437 743 554 824 quidem
574 743 658 822 paria
676 749 778 804 esseut
795 739 931 804 tollendis
950 739 1105 811 abusibus,
1123 737 1174 818 qui
1192 757 1229 800 ex
1245 736 1305 798 boc
1322 735 1426 798 indul-

201 834 371 918 gentiacum
393 851 503 912 genere
527 829 653 892 subinde
679 827 774 892 exorti
798 827 917 890 inerant
937 827 969 913 in
988 826 1127 888 Africana
1145 824 1283 902 ecclesia,
1305 825 1425 884 taudem

203 926 242 990 ad
265 919 498 1001 comprimendos
521 917 669 997 lapsorum
693 915 834 978 tumultus
858 915 949 978 ullam
971 915 1169 996 inposterum
1197 923 1264 975 aute
1290 914 1425 974 sedatam

205 1013 350 1076 aduersos
373 1006 528 1068 ecelesiam
553 1004 788 1084 persecutionem
814 1001 982 1066 libellorum
999 1001 1139 1064 rationem
1156 999 1269 1075 haberi,
1296 998 1426 1081 Cypria-

204 1117 263 1160 nus
285 1093 432 1176 prohibuit
456 1092 509 1154 26.
536 1093 573 1154 ad
608 1094 708 1154 ahmam
734 1113 815 1152 nuum
839 1091 974 1172 epistola.
1019 1089 1118 1169 llujus
1150 1084 1319 1168 exemplum
1354 1106 1425 1148 aero

204 1180 361 1268 posteriori
385 1179 546 1260 Hispaniae
569 1181 705 1242 doctores
736 1178 847 1255 sacnti,
882 1177 985 1258 quiin
1014 1195 1098 1238 cunc.
1126 1174 1314 1238 Eliberatino
1340 1174 1424 1254 lapso

207 1267 404 1336 confessionis
417 1267 518 1328 literas
530 1265 689 1342 exhibenti,
705 1264 822 1328 nomine
836 1257 1018 1327 confessoris
1031 1263 1137 1339 deleto,
1153 1268 1424 1333 communicatoriae,

204 1369 238 1422 ut
252 1357 343 1439 ajunt,
360 1356 472 1416 dandas
489 1372 566 1430 esse,
584 1356 784 1429 decreverant,
801 1374 886 1434 quem
903 1352 989 1414 ctiam
1006 1371 1114 1412 morem
1130 1369 1208 1426 noro
1217 1352 1337 1412 decreto
1350 1369 1421 1410 eon-

204 1443 340 1521 iirmarit,
357 1444 434 1523 quod
450 1461 509 1502 non
526 1439 578 1500 diu
592 1450 658 1521 poet
672 1439 703 1500 in
717 1435 816 1502 Gallia
831 1441 962 1502 habitum
977 1437 1042 1516 luit,
1058 1437 1228 1500 Arelateure
1244 1435 1422 1499 Concilium.

207 1625 348 1699 accipiunt
364 1623 622 1678 communicatoriae
644 1618 720 1696 (can.
738 1615 794 1694 9.).

295 1704 334 1766 ll.
353 1704 384 1768 8.
409 1704 461 1764 Dc
481 1701 768 1783 poenitentium
788 1701 1062 1764 absolutione.
1088 1699 1116 1782 §-
1135 1701 1164 1762 l.
1189 1698 1299 1779 Elapso
1319 1697 1422 1779 poeni·

206 1791 315 1856 tentiae
331 1801 470 1870 tempore,
490 1792 607 1870 quanda
625 1789 773 1852 definitum
790 1797 949 1852 consuetae
967 1786 1184 1850 exercitationis
1201 1787 1328 1848 stadia·
1348 1785 1421 1846 inter

206 1879 342 1945 duriores
365 1877 497 1958 corporis
514 1877 631 1938 labores
655 1886 683 1940 ct
701 1871 849 1938 cruciatus
869 1876 1050 1957 paenitentes
1069 1875 1178 1938 emensi
1195 1873 1323 1948 inerant,
1344 1872 1420 1932 difli-

208 1967 294 2032 cilem
312 1985 345 2028 se
362 1963 487 2044 amplius
509 1963 636 2026 ecclesia
653 1963 691 2024 iis
713 1966 855 2045 praebere
881 1963 983 2026 noluit.
1014 1963 1121 2027 Verum
1140 1981 1215 2044 qnae
1230 1961 1419 2022 austeriorem

206 2055 360 2133 hueusque
380 2051 509 2132 judicem
530 2060 640 2130 egerat,
666 2071 701 2112 eu
718 2051 778 2131 jauo
802 2051 1079 2130 indulgentissimae
1095 2051 1187 2111 instar
1204 2049 1306 2110 matris
1323 2047 1420 2128 lapsos

206 2138 386 2222 poenitentia
405 2148 594 2216 resurgentes
613 2137 727 2216 ingenti
744 2138 854 2200 caritas
873 2137 1012 2218 suscepit.
1058 2139 1190 2218 Aequum
1208 2138 1323 2198 taudem
1341 2135 1420 2198 ride·

84 2293 90 2300 ,
206 2229 294 2292 batur
313 2237 341 2288 et
362 2224 515 2288 christiani
539 2223 647 2286 ameris
665 2221 727 2304 legi
752 2225 941 2302 conueniens,
965 2225 1090 2304 gratiam
1109 2224 1147 2285 iis
1165 2222 1228 2284 fieri
1254 2233 1283 2284 et
1302 2221 1417 2284 liberari

207 2336 268 2392 eos,
288 2335 325 2378 ne
341 2313 469 2376 animum
486 2314 708 2392 desponderent,
726 2333 762 2374 ex
779 2313 831 2374 illa
849 2313 1031 2384 miseriarum
1048 2312 1198 2390 uoragine.
1223 2312 1290 2372 Non
1306 2310 1416 2390 ignoro,

206 2411 305 2466 utrum
329 2421 399 2478 reru
421 2399 465 2461 illi
485 2411 513 2460 et
537 2401 654 2462 sincera
677 2399 854 2480 poenitentia
879 2401 987 2480 dignos
1010 2419 1043 2462 se
1063 2401 1149 2462 venia
1166 2408 1193 2460 et
1217 2395 1415 2460 commuuione
1450 2463 1451 2466 Ἴ

206 2489 354 2552 fecerint‘l
378 2490 544 2562 decernere,
561 2508 620 2560 non
635 2506 727 2568 penes
745 2487 911 2564 ecclesium,
930 2495 1040 2548 tantum
1060 2508 1150 2567 penes
1167 2507 1232 2550 enm
1249 2485 1355 2561 luisse,
1372 2485 1416 2564 qui
1450 2525 1451 2552 ι

206 2577 238 2640 iu
256 2573 411 2636 interiores
431 2583 563 2653 penetrat
578 2573 683 2636 mentis
699 2573 846 2642 hnmanae
865 2595 1011 2636 recessus.
1045 2575 1083 2636 At
1099 2595 1168 2638 vero
1187 2573 1350 2635 cummunio
1370 2573 1416 2634 illa

207 2664 293 2726 ruodo
320 2670 381 2723 erat
404 2671 541 2738 externa,
570 2682 624 2724 nec
649 2664 684 2722 de
706 2661 764 2722 alia
785 2665 944 2741 agebatur,
972 2681 1057 2742 quarn
1083 2663 1191 2734 unione
1211 2669 1332 2724 externa
1356 2680 1414 2720 cnm

205 2749 336 2816 fidelium
364 2769 502 2830 corpore,
536 2769 635 2829 aquo
662 2747 804 2810 hactenus
829 2749 1102 2830 lueruntecparati.
1147 2749 1239 2811 Facta
1269 2748 1324 2810 luit
1348 2749 1415 2808 haec
1450 2825 1451 2836 ἵ

206 2836 426 2920 poenitentibus
446 2836 532 2899 venia
550 2835 667 2916 publice
683 2835 714 2896 iu
732 2847 817 2898 coetu
833 2837 988 2914 ecclesiae,
1008 2859 1068 2917 pax
1082 2837 1119 2898 iis
1137 2837 1203 2912 data
1221 2846 1248 2898 et
1264 2835 1415 2910 absolutio,

206 2925 326 3006 praevia
343 2925 473 2986 oratione
491 2944 687 3004 manuumque
707 2923 823 2986 solenni
842 2925 1028 3004 impositione
1046 2945 1143 2986 eoram
1160 2924 1317 3004 episeopis,
1335 2945 1415 3004 pres·
1450 2977 1451 2990 ,

206 3012 336 3094 hyteris,
368 3013 507 3074 universa
533 3010 661 3072 fidelium
689 3013 839 3074 concione.
885 3012 1072 3092 Sequebatur
1086 3008 1217 3090 μέθεξις
1232 3033 1258 3074 s.
1277 3013 1415 3074 anormala

206 3095 269 3161 cuir
291 3091 496 3181 ἁγιασμὰτων,
520 3117 578 3178 qua
599 3101 635 3160 ad
658 3097 797 3160 interiora
816 3099 967 3174 orationis,
987 3099 1064 3160 sacri
1089 3109 1248 3162 conuentus
1268 3098 1414 3180 mysterio-

205 3207 328 3268 rumque
348 3185 517 3247 societatem
534 3183 670 3246 translati
689 3186 835 3248 eeclesiae
854 3188 957 3248 redditi
975 3187 1140 3256 inerunt-et
1159 3187 1280 3250 iratrum
1297 3206 1414 3247 consor·
1450 3187 1451 3258 J

206 3274 258 3338 tio.
302 3273 397 3334 Erant
415 3273 498 3345 haee,
525 3291 602 3352 quae
622 3283 762 3336 externae
781 3295 846 3336 enm
869 3275 992 3356 mystico
1016 3295 1148 3355 corpore,
1176 3278 1251 3356 quod
1272 3273 1413 3340 Christum
1450 3285 1451 3352 t

206 3357 449 3442 superhabebat,
471 3359 588 3422 unionis
611 3361 669 3440 juri
695 3362 791 3423 omnia
816 3363 1007 3424 debebantur.
1046 3363 1078 3424 Si
1103 3360 1192 3424 corde
1211 3383 1280 3424 rere
1298 3361 1412 3436 enutrita
1450 3365 1451 3378 ³

206 3446 293 3513 simul
321 3449 398 3528 apud
424 3447 537 3524 Deum,
571 3448 620 3530 qui
650 3447 801 3510 eriminum
826 3450 976 3512 atrocitate
1001 3451 1132 3528 grauiter
1158 3449 1290 3512 offensus
1315 3450 1412 3523 luerat,

205 3543 377 3617 peccatores
409 3534 523 3615 culpam
554 3537 760 3616 expiaverunt,
792 3548 907 3616 praeter
936 3557 1054 3616 pacem,
1089 3558 1175 3617 quum
1203 3557 1268 3600 cnm
1295 3535 1412 3598 ecclesia

204 3625 369 3706 habehant,
402 3622 487 3684 etiarn
518 3622 599 3684 illam
627 3625 773 3686 habehant
806 3643 871 3686 cum
890 3624 1092 3687 conscientia.
1120 3659 1164 3672 -
1202 3623 1278 3705 Μ.
1311 3624 1410 3685 Poeni-

206 3709 334 3774 tentibus
358 3709 583 3796 reconciliandis
611 3721 639 3774 et
665 3711 695 3772 iu
721 3711 953 3774 communionem
978 3711 1155 3792 recipiendis
1179 3713 1265 3774 datus
1293 3711 1411 3792 plerum-

206 3818 263 3878 que
293 3797 348 3858 luit
375 3799 455 3874 dies,
496 3797 543 3878 qui
576 3798 707 3862 solennis
748 3809 809 3860 erat
839 3809 868 3860 et
894 3799 1040 3862 ecclesiae
1074 3799 1187 3877 festus,
1221 3799 1284 3860 dies
1318 3820 1409 3879 nempe

206 3882 370 3945 dominicus
397 3895 425 3946 et
449 3884 473 3946 si
496 3895 590 3948 status
615 3907 714 3948 eurum
746 3895 903 3966 pateretur,
931 3887 992 3948 dics
1019 3886 1152 3966 inprimis
1176 3907 1287 3948 coenae
1304 3887 1409 3948 Domini
1450 3903 1451 3912 ¹

205 3971 440 4049 antepaschalis,
466 3993 545 4034 more
564 3973 739 4036 Christianis
758 3985 875 4054 recepto
895 3977 1085 4054 probatoque,
1113 3984 1144 4036 ut
1160 3975 1276 4056 quidam
1296 3996 1330 4036 ex
1345 3974 1409 4036 reli-

204 4057 301 4138 giosis
320 4057 463 4120 eeclesiae
480 4060 604 4133 actibus,
624 4083 679 4142 quo
696 4061 789 4142 major
803 4061 840 4123 iis
858 4062 1014 4124 celebritas
1032 4065 1193 4140 accederet,
1212 4062 1242 4124 iu
1261 4065 1407 4142 paschatos

117 4187 124 4196 ·
204 4155 256 4210 ant
280 4154 463 4225 pentecostes
489 4147 681 4212 solennitates
700 4149 919 4212 anniversarias
945 4154 1176 4213 reservarentur.
1221 4149 1407 4212 Catechnure-

205 4253 309 4296 norum
334 4234 495 4314 baptismus
520 4235 592 4296 nulli
610 4236 675 4298 loco
694 4247 756 4299 crat
774 4237 941 4316 adstrictus,
967 4237 1040 4300 nulli
1060 4237 1191 4318 tempori,
1219 4247 1246 4300 et
1264 4247 1363 4312 tamen,
1385 4237 1406 4300 si
1450 4251 1451 4284 l

139 4393 146 4406 ⁹
203 4319 268 4384 fieri
286 4329 409 4402 poterat,
435 4317 540 4382 dilatus
565 4321 621 4412 init
638 4327 675 4388 ad
696 4325 856 4406 paschatos
881 4336 909 4390 ct
933 4325 1119 4412 pentecostes
1135 4325 1219 4404 dies,
1247 4346 1319 4414 quos
1338 4326 1406 4390 Ter·
