2968 4896
209 215 252 278 os
499 242 504 252 ·
581 213 728 282 naun.
771 215 798 280 s.
814 213 852 280 s.
867 193 1019 297 nentem
1123 161 1134 181 ’

208 388 239 450 iu
258 383 457 469 superioribus
475 386 562 450 dietis
578 385 676 470 aliquo
693 391 777 452 nodo
793 388 942 453 uindicare
965 383 1063 450 annisi
1088 384 1250 464 fuerimus,
1274 393 1451 450 munsta-

208 497 284 552 meu,
302 475 379 537 sicut
394 474 480 552 ritus,
501 475 698 558 genuinorum
715 477 830 540 testium
847 475 989 556 suffragio
1006 475 1119 554 muniti,
1137 474 1323 555 dignitatem,
1343 497 1449 556 quam

209 583 245 626 ex
261 563 351 644 longa
369 581 509 624 annorum
527 564 604 626 serie
623 565 822 646 consequitur,
847 564 892 629 rel
911 564 1029 626 minima
1047 575 1183 644 exparte
1200 581 1327 644 carpere
1345 565 1448 626 usias

194 651 368 726 ‘inurbanum
392 651 433 713 ita
451 661 479 713 et
497 651 589 714 altera
606 671 644 714 ex
666 666 765 734 parte,
792 652 842 714 ubi
865 649 956 714 altum
981 649 1228 733 deprehendimus
1250 651 1448 713 idoneorum

208 739 325 802 testium
344 737 508 818 silentium,
533 738 608 802 alios
626 759 661 802 au
677 740 796 822 spurios
814 743 977 803 subornare
1002 737 1105 801 merito
1122 738 1258 801 ducimus
1277 738 1449 818 religioni.

208 827 342 908 Emergo
361 827 512 904 rationem,
538 847 596 908 qua
612 827 721 890 inducti
740 827 894 905 caleulum,
919 847 1005 909 quem
1023 827 1210 903 llallaeo,
1236 825 1290 887 ubi
1309 829 1352 888 rle
1371 829 1448 888 ori-

207 914 276 996 giue
294 921 322 977 et
338 914 509 996 antiquitate
526 915 697 995 posterioris
713 915 861 977 unctionis
878 915 1038 979 sistebatur
1053 915 1205 996 quaestio,
1230 909 1262 974 in
1287 913 1448 994 superio-

208 1001 289 1064 ribus
307 1005 588 1078 detrectaveramus,
613 1002 753 1065 eidemin
772 1002 927 1082 praesenti,
951 1001 1003 1064 ubi
1018 1005 1054 1064 de
1071 1001 1177 1084 prioris
1195 1009 1292 1064 aetate
1309 1002 1446 1084 disqui-

207 1089 289 1168 ritur,
309 1089 426 1152 omnino
444 1089 640 1172 adjiciendum
658 1091 836 1154 censuimus.
876 1091 1027 1152 Postremo
1044 1093 1160 1152 taudem
1176 1089 1241 1152 loco
1257 1089 1446 1170 reperimus

208 1176 306 1240 adbuc
322 1181 463 1258 quasdam
474 1177 654 1249 cerimonias
680 1177 845 1259 baptismali
869 1179 947 1240 actui
964 1178 1186 1260 superadditas,
1211 1174 1283 1239 illos
1299 1175 1464 1264 scilicet„

208 1265 258 1346 qui
275 1265 412 1346 baptismi
429 1264 674 1327 confirmationem
692 1265 783 1328 secuti
800 1267 893 1342 fuere,
911 1265 1001 1344 ritus,
1023 1265 1053 1325 iu
1070 1264 1211 1346 genuinis
1229 1281 1267 1328 ex
1281 1263 1336 1326 illo
1355 1284 1444 1328 aeuo

143 1371 147 1376 ·
206 1352 413 1433 superstitibus
430 1352 642 1414 monumentis:
667 1355 793 1416 orantum
808 1373 913 1434 nempe
929 1359 1017 1434 pouit,
1041 1373 1146 1416 recens
1164 1352 1320 1436 baptisatis
1340 1354 1443 1417 exhi-

209 1439 315 1517 bitum,
342 1449 370 1503 et
385 1445 554 1522 partientem
569 1443 653 1502 lautis
666 1453 692 1502 et
709 1443 799 1504 mette
815 1441 851 1503 iis
868 1445 1069 1520 deqnstundorn
1087 1443 1194 1504 datam.
1231 1447 1342 1503 Primis
1360 1463 1439 1504 me-

208 1527 327 1590 moriam
346 1551 381 1590 ex
399 1529 451 1589 illo
468 1535 597 1609 tempore
614 1529 699 1590 nobis
718 1529 900 1591 consecrarit
914 1529 1048 1590 tustinus
1065 1529 1170 1605 biart,
1188 1529 1238 1610 qni
1256 1530 1439 1609 precatione

207 1615 340 1697 publica,
366 1617 395 1676 ia
421 1616 651 1696 congregatione
674 1615 802 1678 fidelium
820 1637 873 1698 pro
895 1615 1078 1696 singulorum
1104 1617 1281 1679 christianas
1297 1616 1440 1681 civitatis

207 1707 409 1780 membrorum,
428 1713 455 1765 ot
471 1704 501 1764 in
518 1705 564 1766 bis
580 1725 694 1785 quoque
711 1704 871 1766 novissime
887 1705 1025 1786 adscripti
1043 1704 1115 1767 ciris
1126 1704 1230 1766 ⁴salute
1243 1705 1321 1781 lusa,
1342 1705 1440 1768 alteri

206 1791 244 1852 ab
261 1788 353 1853 altero
371 1789 514 1862 osculum,
531 1791 561 1852 in
578 1791 766 1853 fraternitatis
784 1791 946 1873 spiritualis
965 1803 994 1854 et
1008 1791 1119 1855 duculi
1136 1791 1288 1854 charitatis
1303 1804 1441 1858 mmuae

204 1879 391 1941 sanctissime
409 1879 543 1941 servandi
561 1889 702 1941 tesseram
719 1879 894 1960 impertitum
912 1878 1007 1942 luisse
1027 1883 1280 1959 commemoravi
1316 1881 1441 1962 Sigui-

204 1965 308 2028 ficntus
327 1987 399 2046 ergo
418 1977 445 2028 et
462 1987 570 2046 scopus
585 1965 668 2027 illius
686 1965 861 2028 cerimoniae
877 1961 1072 2048 facile'patet.
1111 1969 1350 2030 Fundamentum
1373 1972 1439 2032 ob-

205 2054 312 2116 servati
334 2055 408 2116 ritus
433 2053 580 2136 plerisque
605 2075 669 2114 cum
687 2054 852 2133 Augustino
877 2058 1043 2136 ponendum
1069 2055 1181 2118 videtur
1204 2056 1235 2118 in
1258 2056 1440 2137 apostolica

206 2139 329 2221 regula,
356 2161 415 2222 qua
433 2140 533 2202 fideles
551 2149 652 2202 saneto
668 2159 734 2202 sese
750 2136 874 2203 inuicem
893 2143 993 2204 osculo
1011 2143 1150 2224 exeipere
1165 2144 1306 2205 iubentur
1321 2145 1437 2222 (Rom.

206 2226 257 2305 16,
279 2231 341 2304 ld).
364 2230 461 2306 Quum
479 2249 546 2289 vero
567 2227 661 2289 osculi
676 2247 749 2290 usus
766 2249 824 2290 nou
842 2226 919 2292 alius
936 2229 1011 2312 ipsis
1028 2239 1116 2309 esset,
1134 2250 1220 2314 qaam
1238 2240 1271 2293 ut
1286 2235 1435 2314 germani

203 2311 286 2376 illins
304 2325 332 2378 et
347 2313 469 2378 fraterni
486 2315 630 2393 adsertae,
655 2335 711 2396 quo
728 2336 804 2393 sese,
822 2317 872 2398 qui
891 2318 1008 2380 Christo
1025 2339 1130 2380 nornen
1148 2322 1299 2398 dederant,
1318 2341 1436 2402 prose·
1482 2393 1483 2415 ,

205 2404 378 2484 qnebantur,
395 2403 515 2465 euidens
533 2402 589 2464 sibi
605 2402 729 2464 invicem
748 2403 917 2467 exhiberent
933 2406 1097 2486 symbolum
1115 2407 1240 2490 ejusque
1257 2427 1374 2489 scopus
1394 2433 1436 2474 eo

204 2492 351 2564 tenderet,
375 2501 407 2550 ut
423 2489 568 2566 animum,
591 2489 747 2552 sollicitum
766 2494 930 2575 praecepti,
954 2496 990 2556 de
1007 2502 1106 2556 mutuo
1131 2515 1231 2557 amore
1248 2498 1287 2558 ab
1312 2497 1434 2578 optimo

204 2575 344 2654 magistro
362 2575 420 2636 dati
446 2577 524 2656 (lob.
542 2575 592 2654 13,
609 2579 750 2660 etr-35)
775 2583 925 2644 custodem
948 2581 1150 2660 declararent,
1177 2582 1261 2648 nulla
1277 2603 1353 2648 sans
1370 2608 1434 2652 oc·

205 2661 296 2724 currit
311 2662 395 2739 ratio,
413 2683 488 2743 quae
505 2663 611 2742 obstat,
626 2665 696 2746 quin
712 2667 823 2730 baucce
839 2669 1001 2734 cummunis
1017 2670 1127 2734 arnonis
1144 2681 1241 2736 aotam
1260 2671 1348 2734 etiam
1364 2695 1433 2738 uo-

208 2747 286 2811 vitiis
304 2749 545 2813 christianismum
569 2754 743 2833 denegatam
767 2756 860 2819 luisse
884 2759 1048 2838 credamus,
1072 2759 1246 2840 praesertim
1272 2781 1363 2842 quun
1386 2784 1432 2825 ex

204 2835 268 2898 acri
285 2837 416 2918 proximu
439 2838 564 2901 insecuti
587 2843 748 2904 testimonio
773 2853 902 2924 apertam
927 2847 1179 2926 deprehendamus
1205 2847 1354 2911 eeclesiae
1371 2871 1433 2912 or-

204 2921 348 2990 thodoxae
364 2927 419 2990 bac
437 2929 472 2990 de
488 2949 520 2990 re
538 2937 679 3008 mentem,
703 2929 910 3014 interpretante
928 2933 1075 3014 cypriano
1101 2945 1203 2997 contra
1219 2934 1345 3017 Fidum,
1371 2939 1432 3020 qui

202 3009 335 3094 paruulis
351 3035 403 3096 per
420 3015 652 3096 regenerationis
675 3015 825 3088 lavacrum
846 3020 876 3082 iu
899 3020 1045 3085 ecclesiae
1062 3021 1296 3088 communionem
1313 3046 1432 3106 rerep-

203 3099 249 3176 tis,
277 3121 351 3164 raso
368 3123 497 3166 nauseae
511 3101 634 3165 horrore
648 3124 684 3167 ac
698 3105 889 3170 immunditiei
905 3107 1040 3186 rosamo,
1063 3111 1175 3174 amicos
1191 3110 1336 3174 eiusmodi
1354 3133 1431 3177 aru-

203 3185 308 3268 plexus
326 3189 465 3250 exhibere
482 3191 659 3254 detrectabat
669 3189 723 3274 **).
761 3199 984 3272 Depsrototionem
1006 3208 1158 3278 praetcrea
1180 3201 1262 3261 luctis
1277 3211 1302 3262 et
1318 3203 1429 3280 assitis,

203 3295 261 3354 qua
278 3273 336 3334 irai
354 3273 486 3338 solebant
502 3298 605 3340 recens
623 3279 769 3358 baptizati,
786 3281 885 3346 itidem
901 3283 1052 3364 religiosis
1065 3283 1094 3350 et
1106 3289 1145 3348 ad
1163 3285 1336 3350 excitandos
1354 3288 1429 3370 pios

203 3357 296 3436 animi
317 3369 411 3423 motus
436 3363 566 3443 apprime
589 3366 757 3446 compositis
781 3371 923 3450 symbolis
945 3392 1105 3436 accensere
1128 3373 1204 3458 nulli
1226 3372 1427 3456 haesitamus,

204 3453 357 3526 propterea
376 3452 451 3529 quod
475 3450 556 3512 illins
580 3453 755 3516 cerimoniae
780 3477 900 3522 seusun
924 3458 1030 3540 quidve
1054 3481 1090 3524 ea
1112 3460 1311 3542 significatum
1338 3467 1428 3545 dure,

203 3532 270 3614 quid
287 3535 494 3618 neophytorum
515 3539 660 3618 mentibus
683 3541 789 3608 iutuitu
814 3556 842 3608 et
858 3547 1055 3610 celebratione
1079 3549 1167 3634 hujus
1189 3548 1264 3614 ritus
1287 3571 1427 3634 perpen-
1479 3567 1480 3592 λ

203 3621 328 3686 desdam
352 3645 387 3688 ac
411 3627 604 3690 meditandum
632 3627 736 3693 sistere
760 3631 885 3698 voluerit
909 3634 958 3715 piu
983 3635 1162 3718 antiquitas,
1193 3647 1311 3718 praeter
1336 3638 1427 3704 Ter-

202 3706 355 3774 tullianum
373 3714 432 3798 *“)
468 3723 496 3778 et
530 3714 668 3782 Clemens
708 3717 869 3785 Alexandr.
905 3743 965 3782 nou
1004 3724 1131 3788 obscure
1171 3725 1298 3790 inuuere
1332 3727 1425 3793 vide-

202 3853 433 3872 Q

201 3929 301 4061 εὐχῶῑλ
320 3937 425 4001 apolog.
445 3939 471 3993 2.
500 3955 525 4006 p.
547 3941 598 3993 st:
627 3934 759 4006 ἀλλήλους
786 3937 920 4013 φιλήματι
946 3939 1131 4017 ἀσπαζόμεθα
1155 3943 1337 4020 παυσάμενοι
1364 3952 1426 4007 τῶν

201 4127 242 4180 ob·
268 4065 313 4148 sq)
333 4087 375 4152 ep.
393 4073 436 4124 59.
456 4075 494 4124 ud
511 4078 605 4127 Fidon
622 4079 721 4147 scriptu
744 4082 782 4147 (p.
804 4079 848 4134 97.
869 4081 911 4134 ed.
930 4081 1066 4137 baluzii
1086 4089 1327 4160 Ραν.1721.)υ1ιί
1347 4092 1424 4145 illius

235 4139 340 4188 neutrum
361 4143 539 4208 respondetur.
929 4157 940 4174 ²

268 4197 326 4270 m)
339 4211 527 4265 enarrationem
541 4215 607 4267 ritus
621 4223 648 4268 st
659 4217 899 4284 interpretationem
917 4220 1023 4274 haurias
1042 4226 1137 4291 partim
1156 4243 1189 4280 ex
1207 4229 1268 4285 loir.
1280 4229 1316 4278 de
1330 4245 1424 4288 esron,
1477 4273 1478 4280 a

198 4267 274 4384 ἒτῖἰέ.
294 4271 320 4324 3.
331 4293 367 4358 ,μ
388 4279 448 4332 311.
469 4283 530 4332 iude
547 4287 674 4354 suseepti,
693 4287 771 4338 luetis
790 4297 814 4337 rt
831 4291 916 4340 melh's
933 4293 1096 4344 concordium
1112 4305 1339 4364 praeguslomssq
1360 4315 1425 4367 part·

221 4350 245 4388 m
264 4353 297 4390 eu
314 4345 374 4401 lube.
391 4348 415 4400 1.
436 4351 495 4407 odo.
511 4355 643 4434 dimotum
661 4354 703 4406 11.
723 4371 749 4421 p.
769 4355 829 4410 716.
847 4358 892 4409 ubl
907 4375 940 4410 ex
958 4361 1159 4431 observationis,
1180 4382 1256 4436 quum
1273 4365 1422 4421 mrcionis

198 4411 272 4460 secta
290 4415 406 4486 tenebat,
427 4421 546 4488 anatome
564 4422 635 4476 illius
646 4423 772 4494 meminit,
801 4433 828 4479 et
845 4427 965 4496 quidnam
983 4431 1057 4484 bises
1073 4435 1197 4504 symbolis
1220 4440 1423 4508 repraesentem
