<?xml version="1.0" encoding="UTF-8"?>
<!DOCTYPE html PUBLIC "-//W3C//DTD XHTML 1.0 Transitional//EN"
    "http://www.w3.org/TR/xhtml1/DTD/xhtml1-transitional.dtd">
<html xmlns="http://www.w3.org/1999/xhtml" xml:lang="en" lang="en">
 <head>
  <title>
</title>
<meta http-equiv="Content-Type" content="text/html;charset=utf-8" />
  <meta name='ocr-system' content='tesseract 3.04.00' />
  <meta name='ocr-capabilities' content='ocr_page ocr_carea ocr_par ocr_line ocrx_word'/>
</head>
<body>
  <div class='ocr_page' id='page_1' title='image "./thesauruscommen00volbgoog_0073.png"; bbox 0 0 2940 4886; ppageno 0'>
   <div class='ocr_carea' id='block_1_1' title="bbox 213 180 1003 320">
    <p class='ocr_par' dir='ltr' id='par_1_1' title="bbox 213 180 1003 320">
     <span class='ocr_line' id='line_1_1' title="bbox 213 180 1003 320; baseline -0.029 -15"><span class='ocrx_word' id='word_1_1' title='bbox 213 219 258 304; x_wconf 70' lang='lat' dir='ltr'>l*</span> <span class='ocrx_word' id='word_1_2' title='bbox 315 315 318 320; x_wconf 17' lang='lat'>¹</span> <span class='ocrx_word' id='word_1_3' title='bbox 550 223 554 236; x_wconf 91' lang='lat'><em>·</em></span> <span class='ocrx_word' id='word_1_4' title='bbox 635 221 743 286; x_wconf 77' lang='lat' dir='ltr'>xxxi.</span> <span class='ocrx_word' id='word_1_5' title='bbox 785 219 865 318; x_wconf 74' lang='lat' dir='ltr'>ne.</span> <span class='ocrx_word' id='word_1_6' title='bbox 882 180 1003 284; x_wconf 68' lang='lat' dir='ltr'>seton</span> 
     </span>
    </p>
   </div>
   <div class='ocr_carea' id='block_1_2' title="bbox 303 388 1442 474">
    <p class='ocr_par' dir='ltr' id='par_1_2' title="bbox 303 388 1442 474">
     <span class='ocr_line' id='line_1_2' title="bbox 303 388 1442 474; baseline -0.005 -18"><span class='ocrx_word' id='word_1_7' title='bbox 303 392 387 460; x_wconf 77' lang='lat' dir='ltr'>Auno</span> <span class='ocrx_word' id='word_1_8' title='bbox 403 388 474 458; x_wconf 80' lang='lat' dir='ltr'>vero</span> <span class='ocrx_word' id='word_1_9' title='bbox 489 393 612 460; x_wconf 76' lang='lat' dir='ltr'>historin</span> <span class='ocrx_word' id='word_1_10' title='bbox 627 389 858 460; x_wconf 68' lang='lat' dir='ltr'>roeueneetionis&#39;</span> <span class='ocrx_word' id='word_1_11' title='bbox 869 393 977 458; x_wconf 81' lang='lat' dir='ltr'>Christi</span> <span class='ocrx_word' id='word_1_12' title='bbox 994 401 1064 456; x_wconf 84' lang='lat' dir='ltr'>tuno</span> <span class='ocrx_word' id='word_1_13' title='bbox 1080 392 1169 474; x_wconf 84' lang='lat' dir='ltr'>plone</span> <span class='ocrx_word' id='word_1_14' title='bbox 1186 411 1245 456; x_wconf 86' lang='lat' dir='ltr'>non</span> <span class='ocrx_word' id='word_1_15' title='bbox 1259 390 1318 454; x_wconf 83' lang='lat' dir='ltr'>fnit</span> <span class='ocrx_word' id='word_1_16' title='bbox 1339 409 1442 472; x_wconf 79' lang='lat' dir='ltr'>pcne-</span> 
     </span>
    </p>
   </div>
   <div class='ocr_carea' id='block_1_3' title="bbox 105 478 1443 564">
    <p class='ocr_par' dir='ltr' id='par_1_3' title="bbox 105 478 1443 564">
     <span class='ocr_line' id='line_1_3' title="bbox 105 478 1443 564; baseline -0.005 -20"><span class='ocrx_word' id='word_1_17' title='bbox 105 485 108 498; x_wconf 90' lang='lat'>&#39;</span> <span class='ocrx_word' id='word_1_18' title='bbox 215 480 300 558; x_wconf 81' lang='lat' dir='ltr'>lecte,</span> <span class='ocrx_word' id='word_1_19' title='bbox 317 481 388 564; x_wconf 81' lang='lat' dir='ltr'>quin</span> <span class='ocrx_word' id='word_1_20' title='bbox 405 491 480 548; x_wconf 84' lang='lat' dir='ltr'>tonet</span> <span class='ocrx_word' id='word_1_21' title='bbox 495 481 693 564; x_wconf 77' lang='lat' dir='ltr'>Hippolptnsl</span> <span class='ocrx_word' id='word_1_22' title='bbox 717 485 745 546; x_wconf 91' lang='lat' dir='ltr'>id</span> <span class='ocrx_word' id='word_1_23' title='bbox 762 487 840 564; x_wconf 84' lang='lat' dir='ltr'>quod</span> <span class='ocrx_word' id='word_1_24' title='bbox 856 481 984 564; x_wconf 80' lang='lat' dir='ltr'>prolecto</span> <span class='ocrx_word' id='word_1_25' title='bbox 1002 481 1155 562; x_wconf 78' lang='lat' dir='ltr'><strong>probabile</strong></span> <span class='ocrx_word' id='word_1_26' title='bbox 1169 501 1227 544; x_wconf 91' lang='lat' dir='ltr'>uon</span> <span class='ocrx_word' id='word_1_27' title='bbox 1244 486 1300 557; x_wconf 86' lang='lat' dir='ltr'>cst,</span> <span class='ocrx_word' id='word_1_28' title='bbox 1325 479 1351 538; x_wconf 84' lang='lat' dir='ltr'>si</span> <span class='ocrx_word' id='word_1_29' title='bbox 1372 478 1443 538; x_wconf 90' lang='lat' dir='ltr'>Pn-</span> 
     </span>
    </p>
   </div>
   <div class='ocr_carea' id='block_1_4' title="bbox 165 565 1452 1603">
    <p class='ocr_par' dir='ltr' id='par_1_4' title="bbox 165 565 1452 1603">
     <span class='ocr_line' id='line_1_4' title="bbox 215 565 1443 649; baseline -0.005 -19"><span class='ocrx_word' id='word_1_30' title='bbox 215 578 291 632; x_wconf 83' lang='lat' dir='ltr'>nun</span> <span class='ocrx_word' id='word_1_31' title='bbox 314 569 451 634; x_wconf 79' lang='lat' dir='ltr'>numitius</span> <span class='ocrx_word' id='word_1_32' title='bbox 475 567 647 634; x_wconf 75' lang='lat' dir='ltr'><strong>evolvimus.</strong></span> <span class='ocrx_word' id='word_1_33' title='bbox 683 571 847 634; x_wconf 80' lang='lat' dir='ltr'>Dicendum</span> <span class='ocrx_word' id='word_1_34' title='bbox 875 592 945 649; x_wconf 75' lang='lat' dir='ltr'>ergo</span> <span class='ocrx_word' id='word_1_35' title='bbox 972 569 1069 649; x_wconf 86' lang='lat' dir='ltr'>potins</span> <span class='ocrx_word' id='word_1_36' title='bbox 1095 569 1164 644; x_wconf 83' lang='lat' dir='ltr'>ecit,</span> <span class='ocrx_word' id='word_1_37' title='bbox 1195 568 1225 630; x_wconf 88' lang='lat' dir='ltr'>iu</span> <span class='ocrx_word' id='word_1_38' title='bbox 1249 565 1338 647; x_wconf 78' lang='lat' dir='ltr'>colpe</span> <span class='ocrx_word' id='word_1_39' title='bbox 1364 582 1443 626; x_wconf 82' lang='lat' dir='ltr'>esse</span> 
     </span>
     <span class='ocr_line' id='line_1_5' title="bbox 216 653 1443 738; baseline -0.004 -20"><span class='ocrx_word' id='word_1_40' title='bbox 216 653 387 738; x_wconf 82' lang='lat' dir='ltr'>seuiptoreou</span> <span class='ocrx_word' id='word_1_41' title='bbox 404 657 617 738; x_wconf 72' lang='lat' dir='ltr'>negligentem,</span> <span class='ocrx_word' id='word_1_42' title='bbox 643 657 687 720; x_wconf 82' lang='lat' dir='ltr'>vel</span> <span class='ocrx_word' id='word_1_43' title='bbox 705 667 848 720; x_wconf 80' lang='lat' dir='ltr'>vetustate</span> <span class='ocrx_word' id='word_1_44' title='bbox 865 657 1006 736; x_wconf 81' lang='lat' dir='ltr'>quoosdnnu</span> <span class='ocrx_word' id='word_1_45' title='bbox 1024 655 1126 718; x_wconf 80' lang='lat' dir='ltr'>litores</span> <span class='ocrx_word' id='word_1_46' title='bbox 1144 655 1236 717; x_wconf 87' lang='lat' dir='ltr'>luisse</span> <span class='ocrx_word' id='word_1_47' title='bbox 1253 653 1295 716; x_wconf 82' lang='lat' dir='ltr'>ito</span> <span class='ocrx_word' id='word_1_48' title='bbox 1310 672 1443 726; x_wconf 86' lang='lat' dir='ltr'>exesos,</span> 
     </span>
     <span class='ocr_line' id='line_1_6' title="bbox 215 739 1445 830; baseline -0.008 -23"><span class='ocrx_word' id='word_1_49' title='bbox 215 753 248 808; x_wconf 85' lang='lat' dir='ltr'>ut</span> <span class='ocrx_word' id='word_1_50' title='bbox 264 743 403 830; x_wconf 76' lang='lat' dir='ltr'>cognosci</span> <span class='ocrx_word' id='word_1_51' title='bbox 422 743 548 824; x_wconf 79' lang='lat' dir='ltr'>emplius</span> <span class='ocrx_word' id='word_1_52' title='bbox 564 763 620 803; x_wconf 90' lang='lat' dir='ltr'>noo</span> <span class='ocrx_word' id='word_1_53' title='bbox 639 743 793 823; x_wconf 80' lang='lat' dir='ltr'>potuerint.</span> <span class='ocrx_word' id='word_1_54' title='bbox 832 743 959 806; x_wconf 82' lang='lat' dir='ltr'>Ditfioito</span> <span class='ocrx_word' id='word_1_55' title='bbox 976 741 1091 822; x_wconf 82' lang='lat' dir='ltr'>quidem</span> <span class='ocrx_word' id='word_1_56' title='bbox 1110 752 1163 819; x_wconf 87' lang='lat' dir='ltr'>est,</span> <span class='ocrx_word' id='word_1_57' title='bbox 1181 745 1217 803; x_wconf 90' lang='lat' dir='ltr'>de</span> <span class='ocrx_word' id='word_1_58' title='bbox 1233 741 1279 802; x_wconf 83' lang='lat' dir='ltr'>nis</span> <span class='ocrx_word' id='word_1_59' title='bbox 1296 739 1445 819; x_wconf 74' lang='lat' dir='ltr'>anitiqui-</span> 
     </span>
     <span class='ocr_line' id='line_1_7' title="bbox 165 819 1447 916; baseline -0.006 -24"><span class='ocrx_word' id='word_1_60' title='bbox 165 905 172 916; x_wconf 78' lang='lat'><em>.</em></span> <span class='ocrx_word' id='word_1_61' title='bbox 213 830 285 894; x_wconf 77' lang='lat' dir='ltr'>‘totis</span> <span class='ocrx_word' id='word_1_62' title='bbox 298 829 490 905; x_wconf 72' lang='lat' dir='ltr'>documentis,</span> <span class='ocrx_word' id='word_1_63' title='bbox 505 849 581 908; x_wconf 81' lang='lat' dir='ltr'>quoe</span> <span class='ocrx_word' id='word_1_64' title='bbox 594 849 652 890; x_wconf 90' lang='lat' dir='ltr'>uon</span> <span class='ocrx_word' id='word_1_65' title='bbox 666 827 860 910; x_wconf 76' lang='lat' dir='ltr'>inspeximus,</span> <span class='ocrx_word' id='word_1_66' title='bbox 874 819 1026 910; x_wconf 70' lang='lat' dir='ltr'>judicare,</span> <span class='ocrx_word' id='word_1_67' title='bbox 1043 823 1241 900; x_wconf 57' lang='lat' dir='ltr'>nihilomiuus</span> <span class='ocrx_word' id='word_1_68' title='bbox 1259 849 1326 890; x_wconf 86' lang='lat' dir='ltr'>eum</span> <span class='ocrx_word' id='word_1_69' title='bbox 1340 823 1447 888; x_wconf 79' lang='lat' dir='ltr'>inulta</span> 
     </span>
     <span class='ocr_line' id='line_1_8' title="bbox 214 907 1448 994; baseline -0.005 -16"><span class='ocrx_word' id='word_1_70' title='bbox 214 918 245 978; x_wconf 87' lang='lat' dir='ltr'>iu</span> <span class='ocrx_word' id='word_1_71' title='bbox 262 915 412 994; x_wconf 80' lang='lat' dir='ltr'>intercutis</span> <span class='ocrx_word' id='word_1_72' title='bbox 433 913 493 976; x_wconf 85' lang='lat' dir='ltr'>illie</span> <span class='ocrx_word' id='word_1_73' title='bbox 511 915 608 976; x_wconf 81' lang='lat' dir='ltr'>odlnue</span> <span class='ocrx_word' id='word_1_74' title='bbox 623 911 683 976; x_wconf 86' lang='lat' dir='ltr'>sint</span> <span class='ocrx_word' id='word_1_75' title='bbox 700 913 807 992; x_wconf 83' lang='lat' dir='ltr'>duloin,</span> <span class='ocrx_word' id='word_1_76' title='bbox 833 907 1028 978; x_wconf 64' lang='lat' dir='ltr'>ncnnouolois</span> <span class='ocrx_word' id='word_1_77' title='bbox 1046 916 1114 978; x_wconf 77' lang='lat' dir='ltr'>uitio</span> <span class='ocrx_word' id='word_1_78' title='bbox 1138 924 1243 992; x_wconf 81' lang='lat' dir='ltr'>vertet,</span> <span class='ocrx_word' id='word_1_79' title='bbox 1268 915 1294 977; x_wconf 87' lang='lat' dir='ltr'>si</span> <span class='ocrx_word' id='word_1_80' title='bbox 1311 924 1448 976; x_wconf 81' lang='lat' dir='ltr'>nostras</span> 
     </span>
     <span class='ocr_line' id='line_1_9' title="bbox 214 998 1450 1084; baseline -0.004 -19"><span class='ocrx_word' id='word_1_81' title='bbox 214 1003 300 1066; x_wconf 84' lang='lat' dir='ltr'>etintu</span> <span class='ocrx_word' id='word_1_82' title='bbox 318 1004 460 1064; x_wconf 78' lang='lat' dir='ltr'>ottones</span> <span class='ocrx_word' id='word_1_83' title='bbox 479 1001 673 1081; x_wconf 82' lang='lat' dir='ltr'>conjecturas.</span> <span class='ocrx_word' id='word_1_84' title='bbox 711 1002 750 1062; x_wconf 81' lang='lat' dir='ltr'>tn</span> <span class='ocrx_word' id='word_1_85' title='bbox 769 1001 861 1082; x_wconf 83' lang='lat' dir='ltr'>primo</span> <span class='ocrx_word' id='word_1_86' title='bbox 879 1004 996 1084; x_wconf 80' lang='lat' dir='ltr'>quidem</span> <span class='ocrx_word' id='word_1_87' title='bbox 1013 1003 1099 1066; x_wconf 88' lang='lat' dir='ltr'>lectio</span> <span class='ocrx_word' id='word_1_88' title='bbox 1118 1002 1243 1072; x_wconf 74' lang='grc' dir='ltr'><strong><em>Γένεσις</em></strong></span> <span class='ocrx_word' id='word_1_89' title='bbox 1261 1003 1352 1078; x_wconf 80' lang='lat' dir='ltr'>dicte,</span> <span class='ocrx_word' id='word_1_90' title='bbox 1382 998 1450 1062; x_wconf 85' lang='lat' dir='ltr'>mi-</span> 
     </span>
     <span class='ocr_line' id='line_1_10' title="bbox 213 1086 1451 1170; baseline -0.004 -20"><span class='ocrx_word' id='word_1_91' title='bbox 213 1108 270 1150; x_wconf 84' lang='lat' dir='ltr'>nus</span> <span class='ocrx_word' id='word_1_92' title='bbox 287 1087 444 1150; x_wconf 77' lang='lat' dir='ltr'>eonvenite</span> <span class='ocrx_word' id='word_1_93' title='bbox 460 1086 573 1150; x_wconf 80' lang='lat' dir='ltr'>videtur</span> <span class='ocrx_word' id='word_1_94' title='bbox 589 1086 728 1168; x_wconf 75' lang='lat' dir='ltr'>tempori3</span> <span class='ocrx_word' id='word_1_95' title='bbox 750 1087 820 1150; x_wconf 82' lang='lat' dir='ltr'>loine</span> <span class='ocrx_word' id='word_1_96' title='bbox 838 1090 932 1169; x_wconf 84' lang='lat' dir='ltr'>prinno</span> <span class='ocrx_word' id='word_1_97' title='bbox 947 1089 1130 1170; x_wconf 79' lang='lat' dir='ltr'>eogitnlnnm,</span> <span class='ocrx_word' id='word_1_98' title='bbox 1155 1109 1193 1152; x_wconf 88' lang='lat' dir='ltr'>nn</span> <span class='ocrx_word' id='word_1_99' title='bbox 1218 1109 1277 1150; x_wconf 90' lang='lat' dir='ltr'>non</span> <span class='ocrx_word' id='word_1_100' title='bbox 1301 1087 1451 1170; x_wconf 67' lang='grc' dir='ltr'>γένεσις,</span> 
     </span>
     <span class='ocr_line' id='line_1_11' title="bbox 213 1173 1451 1258; baseline -0.001 -24"><span class='ocrx_word' id='word_1_101' title='bbox 213 1193 288 1254; x_wconf 86' lang='lat' dir='ltr'>quoe</span> <span class='ocrx_word' id='word_1_102' title='bbox 304 1173 448 1237; x_wconf 82' lang='lat' dir='ltr'>interdum</span> <span class='ocrx_word' id='word_1_103' title='bbox 466 1173 682 1236; x_wconf 76' lang='lat' dir='ltr'>renovationem</span> <span class='ocrx_word' id='word_1_104' title='bbox 700 1173 865 1254; x_wconf 77' lang='lat' dir='ltr'>signifieat,</span> <span class='ocrx_word' id='word_1_105' title='bbox 892 1177 1134 1240; x_wconf 77' lang='lat' dir='ltr'>resurrectionem</span> <span class='ocrx_word' id='word_1_106' title='bbox 1159 1177 1299 1240; x_wconf 75' lang='lat' dir='ltr'>tennione</span> <span class='ocrx_word' id='word_1_107' title='bbox 1323 1173 1451 1258; x_wconf 88' lang='lat' dir='ltr'>possit,</span> 
     </span>
     <span class='ocr_line' id='line_1_12' title="bbox 212 1259 1452 1342; baseline 0 -22"><span class='ocrx_word' id='word_1_108' title='bbox 212 1259 370 1342; x_wconf 67' lang='lat' dir='ltr'>praecipue</span> <span class='ocrx_word' id='word_1_109' title='bbox 404 1280 469 1322; x_wconf 80' lang='lat' dir='ltr'>cuin</span> <span class='ocrx_word' id='word_1_110' title='bbox 492 1260 595 1324; x_wconf 76' lang='lat' dir='ltr'>Patres</span> <span class='ocrx_word' id='word_1_111' title='bbox 620 1261 720 1342; x_wconf 72' lang='lat' dir='ltr'>groeci</span> <span class='ocrx_word' id='word_1_112' title='bbox 747 1271 776 1324; x_wconf 88' lang='lat' dir='ltr'>et</span> <span class='ocrx_word' id='word_1_113' title='bbox 799 1261 881 1324; x_wconf 89' lang='lat' dir='ltr'>lntini</span> <span class='ocrx_word' id='word_1_114' title='bbox 911 1263 941 1324; x_wconf 89' lang='lat' dir='ltr'>in</span> <span class='ocrx_word' id='word_1_115' title='bbox 968 1262 1096 1322; x_wconf 82' lang='lat' dir='ltr'>homiliis</span> <span class='ocrx_word' id='word_1_116' title='bbox 1121 1261 1312 1342; x_wconf 77' lang='lat' dir='ltr'>paschalibus</span> <span class='ocrx_word' id='word_1_117' title='bbox 1339 1281 1452 1339; x_wconf 80' lang='lat' dir='ltr'>saepe</span> 
     </span>
     <span class='ocr_line' id='line_1_13' title="bbox 212 1346 1451 1428; baseline -0.001 -18"><span class='ocrx_word' id='word_1_118' title='bbox 212 1346 387 1414; x_wconf 74' lang='lat' dir='ltr'>mentionem</span> <span class='ocrx_word' id='word_1_119' title='bbox 409 1347 534 1426; x_wconf 75' lang='lat' dir='ltr'>fecerint</span> <span class='ocrx_word' id='word_1_120' title='bbox 558 1347 709 1428; x_wconf 82' lang='lat' dir='ltr'>phoenicis</span> <span class='ocrx_word' id='word_1_121' title='bbox 731 1347 877 1412; x_wconf 66' lang='lat' dir='ltr'>[edivinil</span> <span class='ocrx_word' id='word_1_122' title='bbox 917 1349 994 1410; x_wconf 84' lang='lat' dir='ltr'>Dum</span> <span class='ocrx_word' id='word_1_123' title='bbox 1016 1367 1085 1411; x_wconf 82' lang='lat' dir='ltr'>vcro</span> <span class='ocrx_word' id='word_1_124' title='bbox 1103 1348 1227 1420; x_wconf 75' lang='lat' dir='ltr'>nsinttus</span> <span class='ocrx_word' id='word_1_125' title='bbox 1249 1367 1451 1425; x_wconf 78' lang='lat' dir='ltr'>graecorum</span> 
     </span>
     <span class='ocr_line' id='line_1_14' title="bbox 213 1433 1449 1518; baseline -0.003 -20"><span class='ocrx_word' id='word_1_126' title='bbox 213 1441 328 1516; x_wconf 83' lang='lat' dir='ltr'>potrum</span> <span class='ocrx_word' id='word_1_127' title='bbox 346 1434 484 1516; x_wconf 81' lang='lat' dir='ltr'>loquendi</span> <span class='ocrx_word' id='word_1_128' title='bbox 503 1436 605 1498; x_wconf 87' lang='lat' dir='ltr'>modus</span> <span class='ocrx_word' id='word_1_129' title='bbox 622 1456 681 1496; x_wconf 89' lang='lat' dir='ltr'>oon</span> <span class='ocrx_word' id='word_1_130' title='bbox 698 1438 857 1516; x_wconf 79' lang='lat' dir='ltr'>respondet</span> <span class='ocrx_word' id='word_1_131' title='bbox 873 1433 915 1496; x_wconf 90' lang='lat' dir='ltr'>illi</span> <span class='ocrx_word' id='word_1_132' title='bbox 933 1434 1110 1518; x_wconf 78' lang='lat' dir='ltr'>acceptioni,</span> <span class='ocrx_word' id='word_1_133' title='bbox 1134 1433 1195 1496; x_wconf 82' lang='lat' dir='ltr'>fieri</span> <span class='ocrx_word' id='word_1_134' title='bbox 1212 1433 1306 1514; x_wconf 88' lang='lat' dir='ltr'>potuit</span> <span class='ocrx_word' id='word_1_135' title='bbox 1323 1453 1367 1494; x_wconf 87' lang='lat' dir='ltr'>ex</span> <span class='ocrx_word' id='word_1_136' title='bbox 1394 1434 1449 1494; x_wconf 90' lang='lat' dir='ltr'>in-</span> 
     </span>
     <span class='ocr_line' id='line_1_15' title="bbox 214 1511 1449 1603; baseline -0.005 -17"><span class='ocrx_word' id='word_1_137' title='bbox 214 1521 307 1599; x_wconf 78' lang='lat' dir='ltr'>cutio,</span> <span class='ocrx_word' id='word_1_138' title='bbox 330 1533 362 1584; x_wconf 87' lang='lat' dir='ltr'>ut</span> <span class='ocrx_word' id='word_1_139' title='bbox 378 1543 431 1603; x_wconf 79' lang='lat' dir='ltr'>pro</span> <span class='ocrx_word' id='word_1_140' title='bbox 446 1511 613 1592; x_wconf 70' lang='lat' dir='ltr'>declanenae</span> <span class='ocrx_word' id='word_1_141' title='bbox 629 1523 717 1584; x_wconf 87' lang='lat' dir='ltr'>luerit</span> <span class='ocrx_word' id='word_1_142' title='bbox 734 1523 830 1602; x_wconf 86' lang='lat' dir='ltr'>posito</span> <span class='ocrx_word' id='word_1_143' title='bbox 854 1521 980 1603; x_wconf 73' lang='grc' dir='ltr'>γένεσις.</span> <span class='ocrx_word' id='word_1_144' title='bbox 1023 1522 1075 1586; x_wconf 84' lang='lat' dir='ltr'>Vel</span> <span class='ocrx_word' id='word_1_145' title='bbox 1101 1522 1205 1600; x_wconf 84' lang='lat' dir='ltr'>etiam,</span> <span class='ocrx_word' id='word_1_146' title='bbox 1230 1540 1295 1582; x_wconf 82' lang='lat' dir='ltr'>cuno</span> <span class='ocrx_word' id='word_1_147' title='bbox 1312 1518 1449 1598; x_wconf 80' lang='grc' dir='ltr'><strong><em>Ιησοῦς</em></strong></span> 
     </span>
    </p>
   </div>
   <div class='ocr_carea' id='block_1_5' title="bbox 111 1603 1445 1688">
    <p class='ocr_par' dir='ltr' id='par_1_5' title="bbox 111 1603 1445 1688">
     <span class='ocr_line' id='line_1_16' title="bbox 111 1603 1445 1688; baseline -0.004 -16"><span class='ocrx_word' id='word_1_148' title='bbox 111 1605 118 1620; x_wconf 73' lang='grc'><strong>“</strong></span> <span class='ocrx_word' id='word_1_149' title='bbox 216 1609 262 1672; x_wconf 83' lang='lat' dir='ltr'>lois</span> <span class='ocrx_word' id='word_1_150' title='bbox 278 1607 414 1688; x_wconf 70' lang='lat' dir='ltr'>legulos,</span> <span class='ocrx_word' id='word_1_151' title='bbox 440 1609 515 1672; x_wconf 82' lang='lat' dir='ltr'>sorte</span> <span class='ocrx_word' id='word_1_152' title='bbox 532 1605 603 1670; x_wconf 90' lang='lat' dir='ltr'>illud</span> <span class='ocrx_word' id='word_1_153' title='bbox 623 1609 772 1670; x_wconf 75' lang='grc' dir='ltr'><em>ΙΗΩΚΟ</em></span> <span class='ocrx_word' id='word_1_154' title='bbox 796 1608 897 1671; x_wconf 80' lang='lat' dir='ltr'>lonbuit</span> <span class='ocrx_word' id='word_1_155' title='bbox 910 1607 1042 1670; x_wconf 82' lang='lat' dir='ltr'>&#39;additum</span> <span class='ocrx_word' id='word_1_156' title='bbox 1059 1603 1188 1686; x_wconf 76' lang='grc' dir='ltr'><em>ἀνέστη,</em></span> <span class='ocrx_word' id='word_1_157' title='bbox 1212 1605 1258 1668; x_wconf 76' lang='lat' dir='ltr'>del</span> <span class='ocrx_word' id='word_1_158' title='bbox 1283 1605 1311 1666; x_wconf 88' lang='lat' dir='ltr'>si</span> <span class='ocrx_word' id='word_1_159' title='bbox 1336 1605 1445 1670; x_wconf 81' lang='lat' dir='ltr'>uinis-</span> 
     </span>
    </p>
   </div>
   <div class='ocr_carea' id='block_1_6' title="bbox 157 1693 1448 2814">
    <p class='ocr_par' dir='ltr' id='par_1_6' title="bbox 157 1693 1448 2814">
     <span class='ocr_line' id='line_1_17' title="bbox 214 1693 1448 1781; baseline -0.005 -23"><span class='ocrx_word' id='word_1_160' title='bbox 214 1717 280 1760; x_wconf 81' lang='lat' dir='ltr'>suoo</span> <span class='ocrx_word' id='word_1_161' title='bbox 296 1695 367 1774; x_wconf 80' lang='lat' dir='ltr'>tuit,</span> <span class='ocrx_word' id='word_1_162' title='bbox 389 1707 530 1777; x_wconf 80' lang='lat' dir='ltr'>tunquam</span> <span class='ocrx_word' id='word_1_163' title='bbox 547 1707 615 1758; x_wconf 90' lang='lat' dir='ltr'>tuno</span> <span class='ocrx_word' id='word_1_164' title='bbox 633 1695 771 1781; x_wconf 71' lang='lat' dir='ltr'>tenoponis</span> <span class='ocrx_word' id='word_1_165' title='bbox 788 1705 886 1758; x_wconf 86' lang='lat' dir='ltr'>notum</span> <span class='ocrx_word' id='word_1_166' title='bbox 903 1695 1027 1775; x_wconf 70' lang='lat' dir='ltr'>intelligi</span> <span class='ocrx_word' id='word_1_167' title='bbox 1045 1694 1157 1775; x_wconf 88' lang='lat' dir='ltr'>potuit,</span> <span class='ocrx_word' id='word_1_168' title='bbox 1182 1693 1239 1754; x_wconf 81' lang='lat' dir='ltr'>inno</span> <span class='ocrx_word' id='word_1_169' title='bbox 1255 1693 1381 1770; x_wconf 82' lang='lat' dir='ltr'>deluit,</span> <span class='ocrx_word' id='word_1_170' title='bbox 1417 1693 1448 1754; x_wconf 83' lang='lat' dir='ltr'>si</span> 
     </span>
     <span class='ocr_line' id='line_1_18' title="bbox 215 1777 1305 1864; baseline -0.004 -16"><span class='ocrx_word' id='word_1_171' title='bbox 215 1777 303 1848; x_wconf 79' lang='lat' dir='ltr'>niodo¹</span> <span class='ocrx_word' id='word_1_172' title='bbox 316 1783 383 1848; x_wconf 82' lang='lat' dir='ltr'>festi</span> <span class='ocrx_word' id='word_1_173' title='bbox 403 1784 596 1846; x_wconf 85' lang='lat' dir='ltr'>conditionem</span> <span class='ocrx_word' id='word_1_174' title='bbox 614 1783 680 1864; x_wconf 87' lang='lat' dir='ltr'>quis</span> <span class='ocrx_word' id='word_1_175' title='bbox 698 1785 892 1864; x_wconf 73' lang='lat' dir='ltr'>perpenderit.</span> <span class='ocrx_word' id='word_1_176' title='bbox 1083 1841 1086 1846; x_wconf 87' lang='grc'>,</span> <span class='ocrx_word' id='word_1_177' title='bbox 1302 1815 1305 1824; x_wconf 82' lang='lat'><em>=</em></span> 
     </span>
     <span class='ocr_line' id='line_1_19' title="bbox 301 1867 1442 1950; baseline -0.007 -16"><span class='ocrx_word' id='word_1_178' title='bbox 301 1871 448 1950; x_wconf 77' lang='lat' dir='ltr'>Quicquid</span> <span class='ocrx_word' id='word_1_179' title='bbox 468 1873 504 1932; x_wconf 92' lang='lat' dir='ltr'>dc</span> <span class='ocrx_word' id='word_1_180' title='bbox 522 1891 556 1932; x_wconf 89' lang='lat' dir='ltr'>eo</span> <span class='ocrx_word' id='word_1_181' title='bbox 572 1870 625 1944; x_wconf 89' lang='lat' dir='ltr'>sit,</span> <span class='ocrx_word' id='word_1_182' title='bbox 649 1891 706 1930; x_wconf 91' lang='lat' dir='ltr'>non</span> <span class='ocrx_word' id='word_1_183' title='bbox 732 1871 761 1928; x_wconf 89' lang='lat' dir='ltr'>in</span> <span class='ocrx_word' id='word_1_184' title='bbox 785 1868 912 1932; x_wconf 80' lang='lat' dir='ltr'>ecclesio</span> <span class='ocrx_word' id='word_1_185' title='bbox 931 1889 1039 1948; x_wconf 76' lang='lat' dir='ltr'>gracco</span> <span class='ocrx_word' id='word_1_186' title='bbox 1065 1867 1198 1928; x_wconf 78' lang='lat' dir='ltr'>orientnli</span> <span class='ocrx_word' id='word_1_187' title='bbox 1222 1875 1349 1942; x_wconf 81' lang='lat' dir='ltr'>tantum,</span> <span class='ocrx_word' id='word_1_188' title='bbox 1379 1869 1442 1928; x_wconf 89' lang='lat' dir='ltr'>sed</span> 
     </span>
     <span class='ocr_line' id='line_1_20' title="bbox 215 1953 1441 2022; baseline -0.007 0"><span class='ocrx_word' id='word_1_189' title='bbox 215 1959 301 2022; x_wconf 88' lang='lat' dir='ltr'>etintn</span> <span class='ocrx_word' id='word_1_190' title='bbox 318 1957 460 2018; x_wconf 80' lang='lat' dir='ltr'>Afriennn</span> <span class='ocrx_word' id='word_1_191' title='bbox 484 1954 707 2016; x_wconf 79' lang='lat' dir='ltr'>resurrectionis</span> <span class='ocrx_word' id='word_1_192' title='bbox 724 1955 874 2017; x_wconf 76' lang='lat' dir='ltr'>historicon</span> <span class='ocrx_word' id='word_1_193' title='bbox 896 1955 980 2016; x_wconf 79' lang='lat' dir='ltr'>seniis</span> <span class='ocrx_word' id='word_1_194' title='bbox 996 1954 1057 2014; x_wconf 89' lang='lat' dir='ltr'>illis</span> <span class='ocrx_word' id='word_1_195' title='bbox 1076 1953 1235 2016; x_wconf 84' lang='lat' dir='ltr'>destinatos</span> <span class='ocrx_word' id='word_1_196' title='bbox 1258 1953 1356 2014; x_wconf 84' lang='lat' dir='ltr'>fnisse</span> <span class='ocrx_word' id='word_1_197' title='bbox 1376 1956 1441 2014; x_wconf 88' lang='lat' dir='ltr'>do·</span> 
     </span>
     <span class='ocr_line' id='line_1_21' title="bbox 214 2037 1441 2120; baseline -0.004 -16"><span class='ocrx_word' id='word_1_198' title='bbox 214 2063 315 2112; x_wconf 74' lang='lat' dir='ltr'>cetone</span> <span class='ocrx_word' id='word_1_199' title='bbox 333 2043 370 2102; x_wconf 78' lang='lat' dir='ltr'>olo</span> <span class='ocrx_word' id='word_1_200' title='bbox 386 2040 556 2118; x_wconf 71' lang='lat' dir='ltr'>Augustino</span> <span class='ocrx_word' id='word_1_201' title='bbox 582 2039 612 2098; x_wconf 88' lang='lat' dir='ltr'>iu</span> <span class='ocrx_word' id='word_1_202' title='bbox 637 2059 771 2100; x_wconf 79' lang='lat' dir='ltr'>sermone</span> <span class='ocrx_word' id='word_1_203' title='bbox 790 2041 861 2100; x_wconf 88' lang='grc'><strong>139.</strong></span> <span class='ocrx_word' id='word_1_204' title='bbox 886 2043 920 2100; x_wconf 88' lang='lat' dir='ltr'>dc</span> <span class='ocrx_word' id='word_1_205' title='bbox 945 2037 1089 2120; x_wconf 81' lang='lat' dir='ltr'>tctnporc:</span> <span class='ocrx_word' id='word_1_206' title='bbox 1124 2047 1180 2102; x_wconf 82' lang='lat' dir='ltr'>Per</span> <span class='ocrx_word' id='word_1_207' title='bbox 1203 2044 1253 2102; x_wconf 79' lang='lat' dir='ltr'>loos</span> <span class='ocrx_word' id='word_1_208' title='bbox 1275 2043 1334 2102; x_wconf 79' lang='lat' dir='ltr'>dies</span> <span class='ocrx_word' id='word_1_209' title='bbox 1359 2047 1441 2102; x_wconf 78' lang='lat' dir='ltr'>siccet</span> 
     </span>
     <span class='ocr_line' id='line_1_22' title="bbox 213 2127 1439 2203; baseline -0.002 -13"><span class='ocrx_word' id='word_1_210' title='bbox 213 2131 307 2190; x_wconf 77' lang='lat' dir='ltr'>rootn</span> <span class='ocrx_word' id='word_1_211' title='bbox 323 2133 428 2188; x_wconf 77' lang='lat' dir='ltr'>conitus</span> <span class='ocrx_word' id='word_1_212' title='bbox 443 2135 536 2187; x_wconf 69' lang='lat' dir='ltr'>oecon</span> <span class='ocrx_word' id='word_1_213' title='bbox 558 2129 707 2186; x_wconf 81' lang='lat' dir='ltr'>solenniter</span> <span class='ocrx_word' id='word_1_214' title='bbox 726 2127 1046 2203; x_wconf 72' lang='lat' dir='ltr'>leponotnronunpeltooe</span> <span class='ocrx_word' id='word_1_215' title='bbox 1071 2130 1199 2190; x_wconf 81' lang='lat' dir='ltr'>lectiones</span> <span class='ocrx_word' id='word_1_216' title='bbox 1222 2130 1261 2188; x_wconf 85' lang='lat' dir='ltr'>ud</span> <span class='ocrx_word' id='word_1_217' title='bbox 1284 2149 1439 2190; x_wconf 76' lang='lat' dir='ltr'>resource·</span> 
     </span>
     <span class='ocr_line' id='line_1_23' title="bbox 213 2205 1435 2295; baseline 0 -19"><span class='ocrx_word' id='word_1_218' title='bbox 213 2221 313 2276; x_wconf 84' lang='lat' dir='ltr'>tionem</span> <span class='ocrx_word' id='word_1_219' title='bbox 329 2218 443 2276; x_wconf 78' lang='lat' dir='ltr'>Doneini</span> <span class='ocrx_word' id='word_1_220' title='bbox 454 2218 634 2290; x_wconf 64' lang='lat' dir='ltr'>&#39;poemenion</span> <span class='ocrx_word' id='word_1_221' title='bbox 666 2216 768 2274; x_wconf 75' lang='lat' dir='ltr'>(tuentes</span> <span class='ocrx_word' id='word_1_222' title='bbox 784 2218 856 2272; x_wconf 82' lang='lat' dir='ltr'>onim</span> <span class='ocrx_word' id='word_1_223' title='bbox 870 2205 1054 2292; x_wconf 82' lang='lat' dir='ltr'>encopoliotco</span> <span class='ocrx_word' id='word_1_224' title='bbox 1069 2225 1193 2294; x_wconf 81' lang='lat' dir='ltr'>quotuor.</span> <span class='ocrx_word' id='word_1_225' title='bbox 1204 2236 1290 2295; x_wconf 73' lang='lat' dir='ltr'>oeque</span> <span class='ocrx_word' id='word_1_226' title='bbox 1306 2217 1340 2279; x_wconf 86' lang='lat' dir='ltr'>do</span> <span class='ocrx_word' id='word_1_227' title='bbox 1355 2237 1435 2294; x_wconf 77' lang='lat' dir='ltr'>pous-</span> 
     </span>
     <span class='ocr_line' id='line_1_24' title="bbox 157 2300 1437 2386; baseline 0.002 -24"><span class='ocrx_word' id='word_1_228' title='bbox 157 2381 161 2386; x_wconf 24' lang='lat'><strong>¹</strong></span> <span class='ocrx_word' id='word_1_229' title='bbox 213 2307 289 2366; x_wconf 82' lang='lat' dir='ltr'>sione</span> <span class='ocrx_word' id='word_1_230' title='bbox 307 2305 419 2362; x_wconf 79' lang='lat' dir='ltr'>Donnoini</span> <span class='ocrx_word' id='word_1_231' title='bbox 444 2319 528 2378; x_wconf 76' lang='lat' dir='ltr'>nequeo</span> <span class='ocrx_word' id='word_1_232' title='bbox 551 2300 585 2360; x_wconf 85' lang='lat' dir='ltr'>de</span> <span class='ocrx_word' id='word_1_233' title='bbox 608 2304 803 2360; x_wconf 65' lang='lat' dir='ltr'>reconventione</span> <span class='ocrx_word' id='word_1_234' title='bbox 826 2309 915 2360; x_wconf 82' lang='lat' dir='ltr'>dooere</span> <span class='ocrx_word' id='word_1_235' title='bbox 935 2310 1091 2378; x_wconf 83' lang='lat' dir='ltr'>potuerunt.</span> <span class='ocrx_word' id='word_1_236' title='bbox 1128 2301 1293 2382; x_wconf 87' lang='lat' dir='ltr'>Sequentes</span> <span class='ocrx_word' id='word_1_237' title='bbox 1310 2323 1437 2383; x_wconf 88' lang='lat' dir='ltr'>quoquc</span> 
     </span>
     <span class='ocr_line' id='line_1_25' title="bbox 213 2384 1435 2468; baseline -0.002 -16"><span class='ocrx_word' id='word_1_238' title='bbox 213 2385 377 2466; x_wconf 81' lang='lat' dir='ltr'>serutoucs,</span> <span class='ocrx_word' id='word_1_239' title='bbox 403 2384 565 2468; x_wconf 79' lang='lat' dir='ltr'>proconisso</span> <span class='ocrx_word' id='word_1_240' title='bbox 581 2384 705 2448; x_wconf 90' lang='lat' dir='ltr'>lectione</span> <span class='ocrx_word' id='word_1_241' title='bbox 721 2406 758 2446; x_wconf 89' lang='lat' dir='ltr'>ex</span> <span class='ocrx_word' id='word_1_242' title='bbox 774 2405 833 2446; x_wconf 92' lang='lat' dir='ltr'>uno</span> <span class='ocrx_word' id='word_1_243' title='bbox 851 2387 953 2466; x_wconf 82' lang='lat' dir='ltr'>quovis</span> <span class='ocrx_word' id='word_1_244' title='bbox 971 2387 1169 2466; x_wconf 76' lang='lat' dir='ltr'>evotngelistn‚</span> <span class='ocrx_word' id='word_1_245' title='bbox 1194 2387 1326 2468; x_wconf 75' lang='lat' dir='ltr'>singulis</span> <span class='ocrx_word' id='word_1_246' title='bbox 1344 2388 1435 2450; x_wconf 82' lang='lat' dir='ltr'>seriis</span> 
     </span>
     <span class='ocr_line' id='line_1_26' title="bbox 213 2470 1433 2556; baseline 0 -19"><span class='ocrx_word' id='word_1_247' title='bbox 213 2477 367 2538; x_wconf 75' lang='lat' dir='ltr'>abeodem</span> <span class='ocrx_word' id='word_1_248' title='bbox 385 2474 467 2536; x_wconf 85' lang='lat' dir='ltr'>luere</span> <span class='ocrx_word' id='word_1_249' title='bbox 485 2471 584 2548; x_wconf 78' lang='lat' dir='ltr'>henbiti,</span> <span class='ocrx_word' id='word_1_250' title='bbox 602 2478 633 2532; x_wconf 88' lang='lat' dir='ltr'>ut</span> <span class='ocrx_word' id='word_1_251' title='bbox 651 2470 694 2532; x_wconf 82' lang='lat' dir='ltr'>vel</span> <span class='ocrx_word' id='word_1_252' title='bbox 713 2493 749 2532; x_wconf 87' lang='lat' dir='ltr'>cx</span> <span class='ocrx_word' id='word_1_253' title='bbox 766 2493 899 2537; x_wconf 75' lang='lat' dir='ltr'>solmone</span> <span class='ocrx_word' id='word_1_254' title='bbox 920 2474 990 2551; x_wconf 80' lang='lat'>144,</span> <span class='ocrx_word' id='word_1_255' title='bbox 1009 2475 1058 2554; x_wconf 84' lang='lat' dir='ltr'>qui</span> <span class='ocrx_word' id='word_1_256' title='bbox 1076 2476 1104 2535; x_wconf 91' lang='lat' dir='ltr'>in</span> <span class='ocrx_word' id='word_1_257' title='bbox 1122 2475 1197 2536; x_wconf 83' lang='lat' dir='ltr'>lenio</span> <span class='ocrx_word' id='word_1_258' title='bbox 1215 2477 1299 2537; x_wconf 86' lang='lat' dir='ltr'>tertio</span> <span class='ocrx_word' id='word_1_259' title='bbox 1314 2477 1433 2556; x_wconf 81' lang='lat' dir='ltr'>primus</span> 
     </span>
     <span class='ocr_line' id='line_1_27' title="bbox 214 2559 1432 2638; baseline 0.002 -16"><span class='ocrx_word' id='word_1_260' title='bbox 214 2570 293 2636; x_wconf 78' lang='lat' dir='ltr'>eret,</span> <span class='ocrx_word' id='word_1_261' title='bbox 320 2559 471 2622; x_wconf 77' lang='lat' dir='ltr'>obseruari</span> <span class='ocrx_word' id='word_1_262' title='bbox 497 2568 608 2638; x_wconf 88' lang='lat' dir='ltr'>potest:</span> <span class='ocrx_word' id='word_1_263' title='bbox 647 2565 823 2620; x_wconf 77' lang='lat' dir='ltr'>Resttrreetio</span> <span class='ocrx_word' id='word_1_264' title='bbox 840 2567 955 2622; x_wconf 73' lang='lat' dir='ltr'>nonnoni</span> <span class='ocrx_word' id='word_1_265' title='bbox 977 2569 1067 2623; x_wconf 75' lang='lat' dir='ltr'>neostri</span> <span class='ocrx_word' id='word_1_266' title='bbox 1084 2569 1151 2623; x_wconf 67' lang='lat' dir='ltr'>duno</span> <span class='ocrx_word' id='word_1_267' title='bbox 1169 2566 1274 2624; x_wconf 72' lang='lat' dir='ltr'>ctntsn</span> <span class='ocrx_word' id='word_1_268' title='bbox 1295 2575 1325 2624; x_wconf 84' lang='lat' dir='ltr'>et</span> <span class='ocrx_word' id='word_1_269' title='bbox 1349 2566 1432 2625; x_wconf 71' lang='lat' dir='ltr'>lindie</span> 
     </span>
     <span class='ocr_line' id='line_1_28' title="bbox 212 2646 1431 2728; baseline 0.003 -20"><span class='ocrx_word' id='word_1_270' title='bbox 212 2653 327 2708; x_wconf 78' lang='lat' dir='ltr'>recitato</span> <span class='ocrx_word' id='word_1_271' title='bbox 343 2657 400 2720; x_wconf 71' lang='lat' dir='ltr'>oon</span> <span class='ocrx_word' id='word_1_272' title='bbox 423 2648 520 2707; x_wconf 77' lang='lat' dir='ltr'>cedde</span> <span class='ocrx_word' id='word_1_273' title='bbox 536 2648 624 2707; x_wconf 75' lang='lat' dir='ltr'>altero</span> <span class='ocrx_word' id='word_1_274' title='bbox 640 2646 709 2707; x_wconf 74' lang='lat' dir='ltr'>lilio</span> <span class='ocrx_word' id='word_1_275' title='bbox 724 2650 867 2725; x_wconf 78' lang='lat' dir='ltr'>enunpelii,</span> <span class='ocrx_word' id='word_1_276' title='bbox 891 2655 938 2728; x_wconf 83' lang='lat' dir='ltr'>qni</span> <span class='ocrx_word' id='word_1_277' title='bbox 953 2660 995 2709; x_wconf 86' lang='lat' dir='ltr'>est</span> <span class='ocrx_word' id='word_1_278' title='bbox 1009 2652 1157 2712; x_wconf 81' lang='lat' dir='ltr'>eeeuttdnon</span> <span class='ocrx_word' id='word_1_279' title='bbox 1172 2657 1298 2712; x_wconf 63' lang='lat' dir='ltr'>Leccam:</span> <span class='ocrx_word' id='word_1_280' title='bbox 1330 2657 1431 2712; x_wconf 83' lang='lat' dir='ltr'>Primo</span> 
     </span>
     <span class='ocr_line' id='line_1_29' title="bbox 212 2733 1429 2814; baseline 0.003 -20"><span class='ocrx_word' id='word_1_281' title='bbox 212 2739 284 2794; x_wconf 80' lang='lat' dir='ltr'>enine</span> <span class='ocrx_word' id='word_1_282' title='bbox 300 2735 369 2794; x_wconf 85' lang='lat' dir='ltr'>lento</span> <span class='ocrx_word' id='word_1_283' title='bbox 386 2743 427 2794; x_wconf 84' lang='lat' dir='ltr'>eet</span> <span class='ocrx_word' id='word_1_284' title='bbox 442 2733 591 2814; x_wconf 75' lang='lat' dir='ltr'>scenendune</span> <span class='ocrx_word' id='word_1_285' title='bbox 609 2735 795 2810; x_wconf 83' lang='lat' dir='ltr'>Mottluuenm,</span> <span class='ocrx_word' id='word_1_286' title='bbox 812 2737 940 2797; x_wconf 78' lang='lat' dir='ltr'>lteoternu</span> <span class='ocrx_word' id='word_1_287' title='bbox 957 2747 1047 2798; x_wconf 81' lang='lat' dir='ltr'>undem</span> <span class='ocrx_word' id='word_1_288' title='bbox 1063 2739 1106 2798; x_wconf 80' lang='lat' dir='ltr'>die</span> <span class='ocrx_word' id='word_1_289' title='bbox 1120 2739 1268 2798; x_wconf 83' lang='lat' dir='ltr'>secundnm</span> <span class='ocrx_word' id='word_1_290' title='bbox 1280 2744 1429 2810; x_wconf 83' lang='lat' dir='ltr'>Murcum,</span> 
     </span>
    </p>
   </div>
   <div class='ocr_carea' id='block_1_7' title="bbox 84 2822 1429 2904">
    <p class='ocr_par' dir='ltr' id='par_1_7' title="bbox 84 2822 1429 2904">
     <span class='ocr_line' id='line_1_30' title="bbox 84 2822 1429 2904; baseline 0.004 -24"><span class='ocrx_word' id='word_1_291' title='bbox 84 2874 92 2880; x_wconf 87' lang='lat'><em>.</em></span> <span class='ocrx_word' id='word_1_292' title='bbox 157 2868 161 2874; x_wconf 89' lang='lat'><em>.</em></span> <span class='ocrx_word' id='word_1_293' title='bbox 212 2822 294 2884; x_wconf 77' lang='lat' dir='ltr'>leodio</span> <span class='ocrx_word' id='word_1_294' title='bbox 307 2822 456 2884; x_wconf 79' lang='lat' dir='ltr'>secundum</span> <span class='ocrx_word' id='word_1_295' title='bbox 472 2825 597 2902; x_wconf 76' lang='lat' dir='ltr'>Luceni:</span> <span class='ocrx_word' id='word_1_296' title='bbox 622 2826 663 2882; x_wconf 83' lang='lat' dir='ltr'>sie</span> <span class='ocrx_word' id='word_1_297' title='bbox 678 2822 757 2882; x_wconf 76' lang='lat' dir='ltr'>toedet</span> <span class='ocrx_word' id='word_1_298' title='bbox 772 2824 840 2884; x_wconf 82' lang='lat' dir='ltr'>ordo</span> <span class='ocrx_word' id='word_1_299' title='bbox 856 2827 1096 2902; x_wconf 73' lang='lat' dir='ltr'>eonnopottstnnn.</span> <span class='ocrx_word' id='word_1_300' title='bbox 1132 2829 1211 2884; x_wconf 77' lang='lat' dir='ltr'>Siout</span> <span class='ocrx_word' id='word_1_301' title='bbox 1233 2831 1306 2886; x_wconf 81' lang='lat' dir='ltr'>onim</span> <span class='ocrx_word' id='word_1_302' title='bbox 1329 2832 1429 2904; x_wconf 73' lang='lat' dir='ltr'>passio</span> 
     </span>
    </p>
   </div>
   <div class='ocr_carea' id='block_1_8' title="bbox 183 2901 1429 3684">
    <p class='ocr_par' dir='ltr' id='par_1_8' title="bbox 183 2901 1429 3684">
     <span class='ocr_line' id='line_1_31' title="bbox 212 2901 1429 2990; baseline 0.002 -20"><span class='ocrx_word' id='word_1_303' title='bbox 212 2915 353 2990; x_wconf 76' lang='lat' dir='ltr'>ipsiusne</span> <span class='ocrx_word' id='word_1_304' title='bbox 369 2910 495 2971; x_wconf 75' lang='lat' dir='ltr'>onontloo</span> <span class='ocrx_word' id='word_1_305' title='bbox 510 2901 686 2986; x_wconf 75' lang='lat' dir='ltr'>encopoliotie</span> <span class='ocrx_word' id='word_1_306' title='bbox 702 2911 840 2990; x_wconf 76' lang='lat' dir='ltr'>descripto</span> <span class='ocrx_word' id='word_1_307' title='bbox 858 2922 907 2988; x_wconf 86' lang='lat' dir='ltr'>eet,</span> <span class='ocrx_word' id='word_1_308' title='bbox 928 2917 969 2976; x_wconf 85' lang='lat' dir='ltr'>eie</span> <span class='ocrx_word' id='word_1_309' title='bbox 983 2913 1042 2972; x_wconf 84' lang='lat' dir='ltr'>dics</span> <span class='ocrx_word' id='word_1_310' title='bbox 1058 2918 1106 2972; x_wconf 77' lang='lat' dir='ltr'>teti</span> <span class='ocrx_word' id='word_1_311' title='bbox 1120 2921 1221 2990; x_wconf 80' lang='lat' dir='ltr'>septeno</span> <span class='ocrx_word' id='word_1_312' title='bbox 1236 2915 1279 2973; x_wconf 86' lang='lat' dir='ltr'>ool</span> <span class='ocrx_word' id='word_1_313' title='bbox 1293 2923 1355 2973; x_wconf 88' lang='lat' dir='ltr'>neto</span> <span class='ocrx_word' id='word_1_314' title='bbox 1372 2916 1429 2974; x_wconf 78' lang='lat' dir='ltr'>dno-</span> 
     </span>
     <span class='ocr_line' id='line_1_32' title="bbox 212 2991 1427 3084; baseline 0.002 -26"><span class='ocrx_word' id='word_1_315' title='bbox 212 3006 279 3058; x_wconf 79' lang='lat' dir='ltr'>cunt</span> <span class='ocrx_word' id='word_1_316' title='bbox 293 3003 431 3077; x_wconf 77' lang='lat' dir='ltr'>spatione,</span> <span class='ocrx_word' id='word_1_317' title='bbox 456 3006 487 3057; x_wconf 85' lang='lat' dir='ltr'>nt</span> <span class='ocrx_word' id='word_1_318' title='bbox 501 2999 649 3074; x_wconf 82' lang='lat' dir='ltr'>secundum</span> <span class='ocrx_word' id='word_1_319' title='bbox 666 3018 760 3084; x_wconf 79' lang='lat' dir='ltr'>oonncs</span> <span class='ocrx_word' id='word_1_320' title='bbox 774 3001 957 3076; x_wconf 80' lang='lat' dir='ltr'>conopeltstne</span> <span class='ocrx_word' id='word_1_321' title='bbox 972 3004 1133 3060; x_wconf 70' lang='lat' dir='ltr'>connectendo</span> <span class='ocrx_word' id='word_1_322' title='bbox 1149 3003 1285 3060; x_wconf 67' lang='lat' dir='ltr'>ennecone.</span> <span class='ocrx_word' id='word_1_323' title='bbox 1321 2991 1427 3061; x_wconf 79' lang='lat' dir='ltr'>Passio</span> 
     </span>
     <span class='ocr_line' id='line_1_33' title="bbox 212 3083 1427 3164; baseline 0.003 -20"><span class='ocrx_word' id='word_1_324' title='bbox 212 3095 314 3164; x_wconf 66' lang='lat' dir='ltr'>nunno,</span> <span class='ocrx_word' id='word_1_325' title='bbox 330 3091 396 3162; x_wconf 77' lang='lat' dir='ltr'>pondu</span> <span class='ocrx_word' id='word_1_326' title='bbox 412 3105 467 3144; x_wconf 86' lang='lat' dir='ltr'>uno</span> <span class='ocrx_word' id='word_1_327' title='bbox 483 3087 528 3144; x_wconf 81' lang='lat' dir='ltr'>dio</span> <span class='ocrx_word' id='word_1_328' title='bbox 544 3083 652 3160; x_wconf 50' lang='lat' dir='ltr'>lapiton,</span> <span class='ocrx_word' id='word_1_329' title='bbox 675 3104 730 3142; x_wconf 86' lang='lat' dir='ltr'>oon</span> <span class='ocrx_word' id='word_1_330' title='bbox 746 3086 815 3143; x_wconf 83' lang='lat' dir='ltr'>solet</span> <span class='ocrx_word' id='word_1_331' title='bbox 831 3087 891 3160; x_wconf 73' lang='lat' dir='ltr'>topi,</span> <span class='ocrx_word' id='word_1_332' title='bbox 908 3091 963 3144; x_wconf 75' lang='lat' dir='ltr'>niet</span> <span class='ocrx_word' id='word_1_333' title='bbox 979 3087 1126 3145; x_wconf 78' lang='lat' dir='ltr'>centendunt</span> <span class='ocrx_word' id='word_1_334' title='bbox 1142 3088 1330 3147; x_wconf 80' lang='lat' dir='ltr'>Muttlennom.</span> <span class='ocrx_word' id='word_1_335' title='bbox 1366 3093 1427 3148; x_wconf 88' lang='lat' dir='ltr'>Vo-</span> 
     </span>
     <span class='ocr_line' id='line_1_34' title="bbox 212 3169 1426 3252; baseline 0.004 -22"><span class='ocrx_word' id='word_1_336' title='bbox 212 3171 319 3232; x_wconf 82' lang='lat' dir='ltr'>lucrum</span> <span class='ocrx_word' id='word_1_337' title='bbox 334 3171 485 3252; x_wconf 74' lang='lat' dir='ltr'>utipepndo</span> <span class='ocrx_word' id='word_1_338' title='bbox 500 3179 531 3228; x_wconf 86' lang='lat' dir='ltr'>nt</span> <span class='ocrx_word' id='word_1_339' title='bbox 545 3189 594 3245; x_wconf 83' lang='lat' dir='ltr'>pen</span> <span class='ocrx_word' id='word_1_340' title='bbox 609 3169 733 3244; x_wconf 78' lang='lat' dir='ltr'>etoepnloo</span> <span class='ocrx_word' id='word_1_341' title='bbox 750 3189 839 3228; x_wconf 83' lang='lat' dir='ltr'>nonos</span> <span class='ocrx_word' id='word_1_342' title='bbox 854 3171 1003 3230; x_wconf 78' lang='lat' dir='ltr'>nectendum</span> <span class='ocrx_word' id='word_1_343' title='bbox 1026 3192 1120 3232; x_wconf 81' lang='lat' dir='ltr'>onones</span> <span class='ocrx_word' id='word_1_344' title='bbox 1141 3176 1326 3250; x_wconf 81' lang='lat' dir='ltr'>oenopolietne</span> <span class='ocrx_word' id='word_1_345' title='bbox 1341 3180 1426 3235; x_wconf 81' lang='lat' dir='ltr'>etiam</span> 
     </span>
     <span class='ocr_line' id='line_1_35' title="bbox 211 3255 1425 3337; baseline 0.008 -25"><span class='ocrx_word' id='word_1_346' title='bbox 211 3259 307 3332; x_wconf 77' lang='lat' dir='ltr'>poento</span> <span class='ocrx_word' id='word_1_347' title='bbox 324 3255 472 3328; x_wconf 76' lang='lat' dir='ltr'>leperetnr3</span> <span class='ocrx_word' id='word_1_348' title='bbox 494 3255 602 3324; x_wconf 73' lang='lat' dir='ltr'>[octono</span> <span class='ocrx_word' id='word_1_349' title='bbox 618 3261 672 3324; x_wconf 84' lang='lat' dir='ltr'>cot;</span> <span class='ocrx_word' id='word_1_350' title='bbox 698 3273 753 3312; x_wconf 85' lang='lat' dir='ltr'>non</span> <span class='ocrx_word' id='word_1_351' title='bbox 772 3256 920 3316; x_wconf 78' lang='lat' dir='ltr'>andierunt</span> <span class='ocrx_word' id='word_1_352' title='bbox 935 3259 1073 3334; x_wconf 74' lang='lat' dir='ltr'>locutiones,</span> <span class='ocrx_word' id='word_1_353' title='bbox 1098 3261 1171 3337; x_wconf 83' lang='lat' dir='ltr'>qnod</span> <span class='ocrx_word' id='word_1_354' title='bbox 1186 3272 1384 3323; x_wconf 81' lang='lat' dir='ltr'>consueverunt</span> <span class='ocrx_word' id='word_1_355' title='bbox 1401 3272 1425 3322; x_wconf 87' lang='lat' dir='ltr'>ct</span> 
     </span>
     <span class='ocr_line' id='line_1_36' title="bbox 183 3335 1424 3428; baseline 0.013 -33"><span class='ocrx_word' id='word_1_356' title='bbox 183 3355 191 3366; x_wconf 72' lang='grc'><strong>’</strong></span> <span class='ocrx_word' id='word_1_357' title='bbox 211 3338 364 3417; x_wconf 62' lang='lat' dir='ltr'>montebon</span> <span class='ocrx_word' id='word_1_358' title='bbox 379 3346 453 3396; x_wconf 85' lang='lat' dir='ltr'>eunt.</span> <span class='ocrx_word' id='word_1_359' title='bbox 490 3335 537 3395; x_wconf 84' lang='lat' dir='ltr'>Ex</span> <span class='ocrx_word' id='word_1_360' title='bbox 553 3356 610 3413; x_wconf 92' lang='lat' dir='ltr'>quo</span> <span class='ocrx_word' id='word_1_361' title='bbox 627 3335 691 3396; x_wconf 93' lang='lat' dir='ltr'>loco</span> <span class='ocrx_word' id='word_1_362' title='bbox 708 3335 795 3398; x_wconf 84' lang='lat' dir='ltr'>sionul</span> <span class='ocrx_word' id='word_1_363' title='bbox 813 3347 900 3418; x_wconf 85' lang='lat' dir='ltr'>putet,</span> <span class='ocrx_word' id='word_1_364' title='bbox 918 3342 1015 3422; x_wconf 80' lang='lat' dir='ltr'>qualis</span> <span class='ocrx_word' id='word_1_365' title='bbox 1034 3342 1120 3405; x_wconf 89' lang='lat' dir='ltr'>lectio</span> <span class='ocrx_word' id='word_1_366' title='bbox 1135 3343 1225 3407; x_wconf 84' lang='lat' dir='ltr'>fuerit</span> <span class='ocrx_word' id='word_1_367' title='bbox 1241 3345 1288 3410; x_wconf 91' lang='lat' dir='ltr'>die</span> <span class='ocrx_word' id='word_1_368' title='bbox 1306 3347 1424 3428; x_wconf 83' lang='lat' dir='ltr'>passio·</span> 
     </span>
     <span class='ocr_line' id='line_1_37' title="bbox 211 3419 1424 3515; baseline 0.012 -33"><span class='ocrx_word' id='word_1_369' title='bbox 211 3421 258 3484; x_wconf 85' lang='lat' dir='ltr'>nis</span> <span class='ocrx_word' id='word_1_370' title='bbox 276 3428 304 3482; x_wconf 88' lang='lat' dir='ltr'>el</span> <span class='ocrx_word' id='word_1_371' title='bbox 321 3423 398 3500; x_wconf 88' lang='lat' dir='ltr'>quod</span> <span class='ocrx_word' id='word_1_372' title='bbox 413 3439 503 3502; x_wconf 88' lang='lat' dir='ltr'>penes</span> <span class='ocrx_word' id='word_1_373' title='bbox 521 3419 689 3502; x_wconf 86' lang='lat' dir='ltr'>episcopum</span> <span class='ocrx_word' id='word_1_374' title='bbox 707 3422 849 3486; x_wconf 85' lang='lat' dir='ltr'>interdum</span> <span class='ocrx_word' id='word_1_375' title='bbox 867 3427 969 3505; x_wconf 81' lang='lat' dir='ltr'>fuerit,</span> <span class='ocrx_word' id='word_1_376' title='bbox 993 3430 1129 3493; x_wconf 78' lang='lat' dir='ltr'>ordinare</span> <span class='ocrx_word' id='word_1_377' title='bbox 1153 3431 1312 3512; x_wconf 88' lang='lat' dir='ltr'>lectiones,</span> <span class='ocrx_word' id='word_1_378' title='bbox 1337 3447 1424 3515; x_wconf 85' lang='lat' dir='ltr'>prout</span> 
     </span>
     <span class='ocr_line' id='line_1_38' title="bbox 211 3506 1422 3602; baseline 0.012 -32"><span class='ocrx_word' id='word_1_379' title='bbox 211 3507 280 3570; x_wconf 83' lang='lat' dir='ltr'>illos</span> <span class='ocrx_word' id='word_1_380' title='bbox 297 3528 335 3570; x_wconf 90' lang='lat' dir='ltr'>ex</span> <span class='ocrx_word' id='word_1_381' title='bbox 350 3529 382 3570; x_wconf 83' lang='lat' dir='ltr'>re</span> <span class='ocrx_word' id='word_1_382' title='bbox 399 3506 544 3570; x_wconf 81' lang='lat' dir='ltr'>ecelesiae</span> <span class='ocrx_word' id='word_1_383' title='bbox 561 3527 626 3570; x_wconf 88' lang='lat' dir='ltr'>csse</span> <span class='ocrx_word' id='word_1_384' title='bbox 643 3510 796 3590; x_wconf 83' lang='lat' dir='ltr'>putaverit.</span> <span class='ocrx_word' id='word_1_385' title='bbox 832 3512 866 3574; x_wconf 84' lang='lat' dir='ltr'>Si</span> <span class='ocrx_word' id='word_1_386' title='bbox 890 3513 971 3578; x_wconf 90' lang='lat' dir='ltr'>illius</span> <span class='ocrx_word' id='word_1_387' title='bbox 989 3538 1104 3600; x_wconf 87' lang='lat' dir='ltr'>quoque</span> <span class='ocrx_word' id='word_1_388' title='bbox 1123 3527 1169 3580; x_wconf 87' lang='lat' dir='ltr'>est</span> <span class='ocrx_word' id='word_1_389' title='bbox 1190 3514 1311 3584; x_wconf 83' lang='lat' dir='ltr'>homilia</span> <span class='ocrx_word' id='word_1_390' title='bbox 1328 3543 1422 3602; x_wconf 86' lang='lat' dir='ltr'>quae·</span> 
     </span>
     <span class='ocr_line' id='line_1_39' title="bbox 211 3594 1425 3684; baseline 0.012 -26"><span class='ocrx_word' id='word_1_391' title='bbox 211 3595 338 3659; x_wconf 77' lang='lat' dir='ltr'>tonde</span> <span class='ocrx_word' id='word_1_392' title='bbox 362 3594 395 3658; x_wconf 91' lang='lat' dir='ltr'>S.</span> <span class='ocrx_word' id='word_1_393' title='bbox 418 3595 585 3676; x_wconf 79' lang='lat' dir='ltr'>Stephano,</span> <span class='ocrx_word' id='word_1_394' title='bbox 613 3595 697 3658; x_wconf 82' lang='lat' dir='ltr'>etium</span> <span class='ocrx_word' id='word_1_395' title='bbox 714 3596 864 3678; x_wconf 88' lang='lat' dir='ltr'>lectiones</span> <span class='ocrx_word' id='word_1_396' title='bbox 888 3612 953 3682; x_wconf 87' lang='lat' dir='ltr'>post</span> <span class='ocrx_word' id='word_1_397' title='bbox 977 3605 1087 3684; x_wconf 81' lang='lat' dir='ltr'>paseha</span> <span class='ocrx_word' id='word_1_398' title='bbox 1111 3606 1198 3667; x_wconf 84' lang='lat' dir='ltr'>nobis</span> <span class='ocrx_word' id='word_1_399' title='bbox 1222 3607 1425 3673; x_wconf 70' lang='lat' dir='ltr'>intumescenti</span> 
     </span>
    </p>
   </div>
   <div class='ocr_carea' id='block_1_9' title="bbox 87 3681 1421 3852">
    <p class='ocr_par' dir='ltr' id='par_1_9' title="bbox 87 3681 1421 3852">
     <span class='ocr_line' id='line_1_40' title="bbox 104 3681 1421 3775; baseline 0.011 -30"><span class='ocrx_word' id='word_1_400' title='bbox 104 3727 127 3775; x_wconf 74' lang='lat'>¹.</span> <span class='ocrx_word' id='word_1_401' title='bbox 209 3687 299 3747; x_wconf 78' lang='lat' dir='ltr'>Aetne</span> <span class='ocrx_word' id='word_1_402' title='bbox 315 3686 512 3764; x_wconf 81' lang='lat' dir='ltr'>upoetoloonno,</span> <span class='ocrx_word' id='word_1_403' title='bbox 528 3681 631 3764; x_wconf 82' lang='lat' dir='ltr'>inquit,</span> <span class='ocrx_word' id='word_1_404' title='bbox 652 3687 719 3746; x_wconf 78' lang='lat' dir='ltr'>dilen·</span> <span class='ocrx_word' id='word_1_405' title='bbox 735 3697 777 3747; x_wconf 84' lang='lat' dir='ltr'>cet</span> <span class='ocrx_word' id='word_1_406' title='bbox 791 3689 825 3748; x_wconf 88' lang='lat' dir='ltr'>do</span> <span class='ocrx_word' id='word_1_407' title='bbox 841 3709 945 3750; x_wconf 76' lang='lat' dir='ltr'>cottone</span> <span class='ocrx_word' id='word_1_408' title='bbox 960 3698 1170 3770; x_wconf 74' lang='lat' dir='ltr'>sculpturarum,</span> <span class='ocrx_word' id='word_1_409' title='bbox 1189 3701 1248 3775; x_wconf 79' lang='lat' dir='ltr'>ipse</span> <span class='ocrx_word' id='word_1_410' title='bbox 1265 3697 1333 3758; x_wconf 83' lang='lat' dir='ltr'>ltin·</span> <span class='ocrx_word' id='word_1_411' title='bbox 1348 3703 1421 3759; x_wconf 79' lang='lat' dir='ltr'>inci-</span> 
     </span>
     <span class='ocr_line' id='line_1_41' title="bbox 87 3771 1418 3852; baseline 0.011 -20"><span class='ocrx_word' id='word_1_412' title='bbox 87 3831 94 3846; x_wconf 74' lang='lat'>,</span> <span class='ocrx_word' id='word_1_413' title='bbox 142 3771 145 3780; x_wconf 84' lang='lat'>&#39;</span> <span class='ocrx_word' id='word_1_414' title='bbox 209 3777 251 3852; x_wconf 81' lang='lat' dir='ltr'>pit</span> <span class='ocrx_word' id='word_1_415' title='bbox 266 3774 319 3850; x_wconf 80' lang='lat' dir='ltr'>lcpi</span> <span class='ocrx_word' id='word_1_416' title='bbox 334 3773 378 3834; x_wconf 82' lang='lat' dir='ltr'>die</span> <span class='ocrx_word' id='word_1_417' title='bbox 397 3773 533 3834; x_wconf 83' lang='lat' dir='ltr'>dominico</span> <span class='ocrx_word' id='word_1_418' title='bbox 548 3774 684 3852; x_wconf 75' lang='lat' dir='ltr'>poeninae,</span> <span class='ocrx_word' id='word_1_419' title='bbox 699 3779 779 3843; x_wconf 68' lang='lat' dir='ltr'>‚sient</span> <span class='ocrx_word' id='word_1_420' title='bbox 793 3795 823 3835; x_wconf 84' lang='lat' dir='ltr'>ee</span> <span class='ocrx_word' id='word_1_421' title='bbox 837 3777 919 3836; x_wconf 67' lang='lat' dir='ltr'>laudet</span> <span class='ocrx_word' id='word_1_422' title='bbox 934 3783 1099 3842; x_wconf 80' lang='lat' dir='ltr'>contenetndo</span> <span class='ocrx_word' id='word_1_423' title='bbox 1118 3783 1255 3844; x_wconf 79' lang='lat' dir='ltr'>ecelesiae.</span> <span class='ocrx_word' id='word_1_424' title='bbox 1292 3781 1326 3846; x_wconf 90' lang='lat' dir='ltr'>Si</span> <span class='ocrx_word' id='word_1_425' title='bbox 1351 3805 1418 3846; x_wconf 83' lang='lat' dir='ltr'>vero</span> 
     </span>
    </p>
   </div>
   <div class='ocr_carea' id='block_1_10' title="bbox 147 3858 1430 4475">
    <p class='ocr_par' dir='ltr' id='par_1_10' title="bbox 147 3858 1430 4198">
     <span class='ocr_line' id='line_1_42' title="bbox 210 3858 1419 3952; baseline 0.012 -33"><span class='ocrx_word' id='word_1_426' title='bbox 210 3858 368 3938; x_wconf 80' lang='lat' dir='ltr'>quis&#39;ltnno</span> <span class='ocrx_word' id='word_1_427' title='bbox 386 3859 623 3922; x_wconf 85' lang='lat' dir='ltr'>consuetudinem</span> <span class='ocrx_word' id='word_1_428' title='bbox 639 3858 821 3922; x_wconf 72' lang='lat' dir='ltr'>inmunibus</span> <span class='ocrx_word' id='word_1_429' title='bbox 839 3861 986 3927; x_wconf 81' lang='lat' dir='ltr'>ecelesiae</span> <span class='ocrx_word' id='word_1_430' title='bbox 1004 3886 1061 3929; x_wconf 86' lang='lat' dir='ltr'>non</span> <span class='ocrx_word' id='word_1_431' title='bbox 1080 3869 1311 3948; x_wconf 80' lang='lat' dir='ltr'>deprehenderit,</span> <span class='ocrx_word' id='word_1_432' title='bbox 1335 3873 1419 3952; x_wconf 77' lang='lat' dir='ltr'>cogi·</span> 
     </span>
     <span class='ocr_line' id='line_1_43' title="bbox 147 3945 1417 4038; baseline 0.014 -35"><span class='ocrx_word' id='word_1_433' title='bbox 147 4010 149 4018; x_wconf 83' lang='lat'>.</span> <span class='ocrx_word' id='word_1_434' title='bbox 210 3951 250 4004; x_wconf 90' lang='lat' dir='ltr'>tet</span> <span class='ocrx_word' id='word_1_435' title='bbox 265 3961 309 4019; x_wconf 85' lang='lat' dir='ltr'>co,</span> <span class='ocrx_word' id='word_1_436' title='bbox 335 3965 409 4022; x_wconf 81' lang='lat' dir='ltr'>quae</span> <span class='ocrx_word' id='word_1_437' title='bbox 427 3945 608 4007; x_wconf 84' lang='lat' dir='ltr'>Sozomeuus</span> <span class='ocrx_word' id='word_1_438' title='bbox 626 3945 728 4007; x_wconf 85' lang='lat' dir='ltr'>scribit</span> <span class='ocrx_word' id='word_1_439' title='bbox 744 3949 779 4008; x_wconf 89' lang='lat' dir='ltr'>de</span> <span class='ocrx_word' id='word_1_440' title='bbox 796 3945 894 4012; x_wconf 87' lang='lat' dir='ltr'>multis</span> <span class='ocrx_word' id='word_1_441' title='bbox 910 3953 1034 4014; x_wconf 81' lang='lat' dir='ltr'>urbibus</span> <span class='ocrx_word' id='word_1_442' title='bbox 1051 3974 1086 4015; x_wconf 91' lang='lat' dir='ltr'>nc</span> <span class='ocrx_word' id='word_1_443' title='bbox 1101 3953 1177 4016; x_wconf 81' lang='lat' dir='ltr'>vicis</span> <span class='ocrx_word' id='word_1_444' title='bbox 1193 3955 1327 4037; x_wconf 79' lang='lat' dir='ltr'>Aegypti,</span> <span class='ocrx_word' id='word_1_445' title='bbox 1348 3979 1417 4038; x_wconf 84' lang='lat' dir='ltr'>pne-</span> 
     </span>
     <span class='ocr_line' id='line_1_44' title="bbox 210 4027 1415 4124; baseline 0.017 -36"><span class='ocrx_word' id='word_1_446' title='bbox 210 4027 295 4089; x_wconf 85' lang='lat' dir='ltr'>cibus</span> <span class='ocrx_word' id='word_1_447' title='bbox 319 4027 485 4108; x_wconf 84' lang='lat' dir='ltr'>et&#39;psolmis</span> <span class='ocrx_word' id='word_1_448' title='bbox 502 4050 537 4091; x_wconf 84' lang='lat' dir='ltr'>oc</span> <span class='ocrx_word' id='word_1_449' title='bbox 560 4030 752 4110; x_wconf 83' lang='lat' dir='ltr'>lectionibus,</span> <span class='ocrx_word' id='word_1_450' title='bbox 777 4053 835 4096; x_wconf 87' lang='lat' dir='ltr'>nec</span> <span class='ocrx_word' id='word_1_451' title='bbox 848 4035 952 4101; x_wconf 86' lang='lat' dir='ltr'>iisdem</span> <span class='ocrx_word' id='word_1_452' title='bbox 971 4060 1072 4102; x_wconf 86' lang='lat' dir='ltr'>omncs</span> <span class='ocrx_word' id='word_1_453' title='bbox 1094 4061 1148 4102; x_wconf 88' lang='lat' dir='ltr'>uec</span> <span class='ocrx_word' id='word_1_454' title='bbox 1166 4031 1265 4104; x_wconf 87' lang='lat' dir='ltr'>eodem</span> <span class='ocrx_word' id='word_1_455' title='bbox 1289 4051 1415 4124; x_wconf 86' lang='lat' dir='ltr'>tempore</span> 
     </span>
     <span class='ocr_line' id='line_1_45' title="bbox 209 4112 1430 4198; baseline 0.011 -23"><span class='ocrx_word' id='word_1_456' title='bbox 209 4112 252 4175; x_wconf 87' lang='lat' dir='ltr'>uti</span> <span class='ocrx_word' id='word_1_457' title='bbox 269 4113 365 4176; x_wconf 85' lang='lat' dir='ltr'>solitis</span> <span class='ocrx_word' id='word_1_458' title='bbox 382 4112 465 4195; x_wconf 81' lang='lat' dir='ltr'>(hist.</span> <span class='ocrx_word' id='word_1_459' title='bbox 479 4115 553 4179; x_wconf 86' lang='lat' dir='ltr'>eccl.</span> <span class='ocrx_word' id='word_1_460' title='bbox 565 4115 600 4192; x_wconf 81' lang='lat'>7,</span> <span class='ocrx_word' id='word_1_461' title='bbox 622 4120 687 4198; x_wconf 84' lang='lat' dir='ltr'>te).</span> <span class='ocrx_word' id='word_1_462' title='bbox 1113 4129 1114 4134; x_wconf 76' lang='grc'>’</span> <span class='ocrx_word' id='word_1_463' title='bbox 1426 4117 1430 4128; x_wconf 54' lang='grc'><em>“</em></span> 
     </span>
    </p>

    <p class='ocr_par' dir='ltr' id='par_1_11' title="bbox 208 4199 1413 4475">
     <span class='ocr_line' id='line_1_46' title="bbox 295 4199 1413 4294; baseline 0.015 -33"><span class='ocrx_word' id='word_1_464' title='bbox 295 4199 330 4266; x_wconf 88' lang='lat' dir='ltr'>ln</span> <span class='ocrx_word' id='word_1_465' title='bbox 346 4220 454 4281; x_wconf 78' lang='lat' dir='ltr'>mogun</span> <span class='ocrx_word' id='word_1_466' title='bbox 470 4200 657 4262; x_wconf 80' lang='lat' dir='ltr'>nihilominus</span> <span class='ocrx_word' id='word_1_467' title='bbox 674 4205 812 4270; x_wconf 82' lang='lat' dir='ltr'>verietate</span> <span class='ocrx_word' id='word_1_468' title='bbox 828 4211 1019 4274; x_wconf 77' lang='lat' dir='ltr'>ecclesieinnm</span> <span class='ocrx_word' id='word_1_469' title='bbox 1037 4212 1067 4273; x_wconf 91' lang='lat' dir='ltr'>id</span> <span class='ocrx_word' id='word_1_470' title='bbox 1085 4214 1288 4294; x_wconf 81' lang='lat' dir='ltr'>observamus,</span> <span class='ocrx_word' id='word_1_471' title='bbox 1312 4215 1413 4278; x_wconf 89' lang='lat' dir='ltr'>lectio·</span> 
     </span>
     <span class='ocr_line' id='line_1_47' title="bbox 208 4286 1411 4382; baseline 0.008 -26"><span class='ocrx_word' id='word_1_472' title='bbox 208 4297 264 4356; x_wconf 83' lang='lat' dir='ltr'>nes</span> <span class='ocrx_word' id='word_1_473' title='bbox 287 4287 374 4365; x_wconf 84' lang='lat' dir='ltr'>illos,</span> <span class='ocrx_word' id='word_1_474' title='bbox 400 4306 473 4369; x_wconf 81' lang='lat' dir='ltr'>qous</span> <span class='ocrx_word' id='word_1_475' title='bbox 498 4286 567 4348; x_wconf 86' lang='lat' dir='ltr'>olim</span> <span class='ocrx_word' id='word_1_476' title='bbox 589 4307 699 4368; x_wconf 76' lang='lat' dir='ltr'>graeco</span> <span class='ocrx_word' id='word_1_477' title='bbox 722 4291 795 4372; x_wconf 80' lang='lat' dir='ltr'>legit</span> <span class='ocrx_word' id='word_1_478' title='bbox 818 4296 945 4376; x_wconf 77' lang='lat' dir='ltr'>ecelesia</span> <span class='ocrx_word' id='word_1_479' title='bbox 959 4296 991 4358; x_wconf 87' lang='lat' dir='ltr'>in</span> <span class='ocrx_word' id='word_1_480' title='bbox 1010 4297 1095 4360; x_wconf 84' lang='lat' dir='ltr'>festis</span> <span class='ocrx_word' id='word_1_481' title='bbox 1112 4301 1272 4382; x_wconf 80' lang='lat' dir='ltr'>majoribus</span> <span class='ocrx_word' id='word_1_482' title='bbox 1298 4306 1411 4366; x_wconf 84' lang='lat' dir='ltr'>eusdem</span> 
     </span>
     <span class='ocr_line' id='line_1_48' title="bbox 211 4373 1411 4475; baseline 0.012 -32"><span class='ocrx_word' id='word_1_483' title='bbox 211 4397 276 4451; x_wconf 80' lang='lat' dir='ltr'>euno</span> <span class='ocrx_word' id='word_1_484' title='bbox 291 4373 401 4444; x_wconf 78' lang='lat' dir='ltr'>uostris</span> <span class='ocrx_word' id='word_1_485' title='bbox 417 4393 492 4458; x_wconf 83' lang='lat' dir='ltr'>csso,</span> <span class='ocrx_word' id='word_1_486' title='bbox 510 4381 542 4439; x_wconf 86' lang='lat' dir='ltr'>ut</span> <span class='ocrx_word' id='word_1_487' title='bbox 559 4392 596 4440; x_wconf 81' lang='lat' dir='ltr'>en</span> <span class='ocrx_word' id='word_1_488' title='bbox 613 4374 767 4446; x_wconf 81' lang='lat' dir='ltr'>eottnione</span> <span class='ocrx_word' id='word_1_489' title='bbox 782 4378 871 4448; x_wconf 79' lang='lat' dir='ltr'>lecito</span> <span class='ocrx_word' id='word_1_490' title='bbox 887 4382 1008 4470; x_wconf 81' lang='lat' dir='ltr'>patebit,</span> <span class='ocrx_word' id='word_1_491' title='bbox 1021 4382 1080 4452; x_wconf 84' lang='lat' dir='ltr'>uisi</span> <span class='ocrx_word' id='word_1_492' title='bbox 1097 4390 1174 4475; x_wconf 82' lang='lat' dir='ltr'>quod</span> <span class='ocrx_word' id='word_1_493' title='bbox 1189 4383 1345 4472; x_wconf 81' lang='lat' dir='ltr'>interdum,</span> <span class='ocrx_word' id='word_1_494' title='bbox 1362 4391 1411 4458; x_wconf 85' lang='lat' dir='ltr'>ubi</span> 
     </span>
    </p>
   </div>
   <div class='ocr_carea' id='block_1_11' title="bbox 0 0 1474 4886">
    <p class='ocr_par' dir='ltr' id='par_1_12' title="bbox 0 0 1474 4886">
     <span class='ocr_line' id='line_1_49' title="bbox 0 0 1474 4886; baseline 0 2"><span class='ocrx_word' id='word_1_495' title='bbox 0 0 1474 4886; x_wconf 95' lang='lat' dir='ltr'> </span> 
     </span>
    </p>
   </div>
  </div>
 </body>
</html>
