2944 4898
375 229 411 292 de
425 225 532 292 ritibus
549 226 774 312 baptismalibus
788 217 851 297 'see
869 232 1004 296 secundi.
1253 233 1298 299 87

75 425 151 486 nnus,
169 423 268 487 quum,
284 413 490 487 praeterquam
506 407 582 487 qnod
600 425 737 468 manuum
752 405 933 487 impositioni
950 407 1016 488 pius
1031 407 1111 490 justo
1129 410 1293 474 necessita-

76 493 113 556 tis
132 502 160 556 et
186 494 337 556 efficaciae
363 494 550 574 adscribat*)
576 503 663 576 atque
686 504 810 556 mentem
832 495 1046 558 observationis
1069 496 1294 564 cerimoniarum

75 579 296 662 baptismalium
321 582 555 644 accessor-iarum
579 582 665 644 nimis
694 593 837 644 amantem
861 583 986 645 subinde
1010 586 1131 664 prodat,
1161 587 1197 648 de
1222 598 1293 649 actu

74 671 131 730 buc
156 669 298 750 loquens,
330 659 445 749 piper,
476 689 534 751 quo
559 671 633 733 baec
664 670 763 731 une'tiu
796 681 915 750 peracta
938 671 1012 749 fuit,
1044 672 1160 733 nomine
1191 693 1292 754 σφρα-

75 753 162 839 γῖδος
178 755 242 816 coir
257 755 430 836 συνθηκῶν
445 757 608 838 insignire,
633 779 693 818 non
711 756 823 820 dubitet
834 756 876 835 **)
896 769 924 820 et
940 758 970 818 in
987 759 1166 840 precationis
1184 765 1293 823 subse-

76 853 162 906 cutae
187 843 314 906 formula
338 845 522 926 praescripta
546 845 638 908 eidem
662 855 815 926 unguento
840 845 999 908 efficaciam
1018 867 1077 908 non
1095 849 1220 910 obscure
1238 853 1293 910 ad·

74 932 209 996 scribare
223 933 434 1010 rideatur***).
475 933 611 995 Unctioni
629 934 697 994 huic
713 934 878 1014 adjunctam
895 933 988 996 fuisse
1007 942 1189 1014 cierationem
1204 944 1295 1000 crucis

75 1019 159 1083 clare
175 1019 271 1082 innuit
287 1017 495 1082 Tertullianus
508 1024 552 1102 †),
571 1021 620 1102 qui
637 1023 717 1102 pium
733 1021 816 1082 illum
833 1042 950 1098 morem,
968 1022 1093 1084 frontem
1111 1025 1209 1084 crucis
1227 1025 1294 1104 sig·

73 1107 187 1170 maculo
211 1107 323 1169 tenendi
349 1118 377 1169 et
393 1109 477 1188 quasi
495 1109 662 1186 muniendi,
688 1109 791 1190 quavis
812 1109 871 1172 alia
888 1111 1043 1172 occasione
1059 1111 1124 1172 aeri
1141 1111 1187 1172 sui
1206 1097 1296 1174 (ibri-

72 1196 182 1258 stianis
198 1197 337 1258 usitatum
361 1195 456 1258 foisse
479 1197 649 1277 prodit††).
701 1197 769 1274 Qua
791 1217 860 1258 vero
884 1207 996 1274 mente,
1020 1208 1052 1259 ut
1067 1198 1142 1260 alias
1163 1199 1204 1260 ita
1221 1207 1250 1261 et
1263 1199 1296 1259 in

70 1283 130 1345 hoc
148 1293 218 1345 setu
235 1283 382 1346 adbibitus
398 1283 437 1346 sit
454 1283 633 1362 signationis
650 1284 722 1346 ritus
740 1293 768 1346 et
786 1287 929 1364 quemodo
948 1285 1001 1348 illa
1017 1286 1206 1364 Tertulliani,
1225 1287 1295 1367 qui-

71 1376 131 1434 bus
145 1372 181 1432 in
199 1371 286 1433 citato
302 1371 377 1450 loco,
395 1371 445 1432 ubi
463 1373 599 1453 baptismi
614 1372 788 1434 cerimonias
805 1372 906 1434 urdine
924 1383 1070 1450 recenset,
1088 1373 1189 1449 utitor,
1202 1375 1295 1436 rerba

70 1459 172 1540 accipi
197 1461 346 1522 debentne
385 1459 590 1537 Signationem
615 1481 667 1542 pre
695 1459 827 1541 symbolo
852 1459 965 1538 gratiae
988 1460 1122 1537 divinae,
1149 1461 1294 1522 mediante

69 1546 271 1610 satisfactorie
289 1547 390 1608 merito
406 1559 616 1628 recuperatae,
641 1554 728 1628 etque
744 1547 876 1624 animae,
902 1547 967 1608 diro
990 1558 1018 1609 et
1033 1547 1141 1628 potenti
1160 1547 1295 1610 crucifixi

69 1635 245 1698 Semotorts
262 1635 410 1716 praesidio
428 1637 574 1712 munitae3
601 1655 659 1696 uon
683 1656 736 1716 pro
759 1654 890 1711 organo,
917 1655 952 1697 ea
968 1633 1057 1715 plane
1074 1634 1186 1697 ratione
1204 1655 1240 1696 ac
1258 1638 1294 1698 de

69 1723 265 1805 praecedenti
282 1722 428 1785 unctionis
444 1723 503 1785 ritu
519 1723 646 1785 diximus
662 1722 789 1784 habitam
807 1721 918 1799 fnisse,
945 1743 1004 1783 non
1022 1726 1156 1804 estquod
1174 1722 1294 1784 dubite-

69 1831 151 1874 mus.
192 1809 379 1890 Signationis
404 1811 469 1892 ejus
494 1831 610 1893 qnoque
635 1810 765 1871 meminit
787 1817 927 1871 constitut.
952 1814 1096 1891 apostolic.
1120 1817 1238 1886 auctor,
1266 1819 1295 1872 et

66 1917 153 1961 more
171 1909 312 1960 consueto
329 1897 484 1980 mysticum
508 1901 641 1982 ejusdem
664 1896 864 1978 significatum
886 1899 1040 1979 subjungit
1049 1899 1140 1976 †††).
1178 1897 1294 1959 Succe-

68 1989 170 2064 debat,
190 1995 268 2070 teste,
282 1987 467 2049 Tertulliano
476 1987 537 2066 †*),
561 2007 695 2048 munuum
709 1992 859 2067 impositio,
877 1986 963 2068 cujus
980 1986 1123 2067 originem
1142 1984 1293 2048 unanimi·

69 2253 161 2296 terum
176 2257 283 2299 sermm
300 2243 442 2311 expluuuus
461 2243 486 2307 3,
509 2242 551 2295 tt.
573 2243 629 2309 (up.
649 2241 871 2294 Cotelerium
889 2251 950 2297 tom.
971 2243 995 2294 l.
1018 2251 1091 2308 potr.
1112 2243 1247 2309 apostolic.
1265 2258 1292 2310 p.

68 2315 151 2382 291.)
170 2313 239 2366 iuter
259 2314 312 2364 elie
332 2313 412 2366 dicit:
434 2311 493 2364 ieri
510 2307 541 2364 ed
558 2305 650 2378 μύρον
668 2314 812 2376 ditatorem
831 2311 877 2372 τῆς
896 2306 1055 2379 ὁμολογίας.
1218 2371 1226 2390 '

142 2381 172 2442 *)
194 2383 291 2462 etenim
311 2381 336 2448 7,
357 2383 400 2434 44.
422 2380 480 2450 (up.
500 2380 709 2432 coteleriana
728 2397 752 2434 ο.
770 2382 788 2431 Ι.
811 2397 836 2464 p.
853 2379 928 2448 385.)
948 2381 1012 2431 buco
1031 2379 1156 2462 profert2,
1176 2376 1295 2430 ἕκαστου

68 2447 127 2520 γὰρ
149 2443 166 2512 ἦ
187 2447 306 2519 derepere
325 2450 372 2514 τῆς
387 2453 561 2536 χοιροξεσξας
584 2448 659 2532 ἐστὶν
679 2443 761 2514 αὕτη·
790 2448 841 2529 day
859 2446 899 2517 μὴ
919 2449 956 2507 sie
974 2447 1091 2568 iarppsror
1109 2447 1296 2568 repropr‘ygpp:

69 2521 629 2722 arectetramaapatta
643 2519 1160 2658 retractaeterraenae
1244 2578 1296 2640 n.

26 2699 28 2708 .
71 2675 176 2760 procop,
193 2675 295 2740 curor
312 2673 404 2729 ροπον
422 2675 469 2721 της
514 2674 586 2725 eppe.
679 2726 685 2738 ι
982 2727 988 2738 ¹
1106 2726 1139 2739 ..
1194 2725 1200 2738 ·
1285 2750 1297 2762 ι

72 2798 144 2848 ο...
164 2723 1296 2876 ,littaris‘tastilioniigittttbi,¹stitit,initiabilis

70 2866 304 2949 stretfelevroicv¹
328 2867 492 2986 cepppytuere
508 2877 613 2944 lponrptp·
641 2861 692 2942 ἵνα
710 2859 741 2912 τὸ
769 2861 824 2942 ppir
845 2865 952 2946 χρίσμα
976 2859 1079 2942 μετοχὴ
1102 2879 1118 2932 p
1144 2861 1192 2911 τοῦ
1214 2863 1297 2940 αγίου

71 2951 251 3015 πνευματος,
275 2953 306 2990 το
331 2934 349 2990 d
387 2933 463 3019 edenp
482 2933 623 3002 συμβολον
644 2949 691 2984 τοο
716 2935 855 2993 θανατου,
876 2949 906 2984 το
934 2928 966 2982 dt
990 2945 1082 3000 μορον
1102 2929 1225 2999 σφραγὶς
1243 2943 1298 2980 των

76 3008 349 3135 ovyiiiilidfficiens
367 3055 542 3124 testimouium
562 3057 647 3122 dictae
665 3069 704 3120 rei
722 3069 866 3136 praebcant
883 3069 941 3136 ipsa
959 3067 1094 3131 formulae,
1114 3067 1199 3134 prouti
1218 3081 1249 3117 ea
1269 3056 1294 3134 Y,

72 3145 117 3196 44.
138 3159 165 3210 p.
183 3142 244 3194 385.
265 3143 422 3194 subtituto:
444 3141 509 3208 περὶ
529 3141 577 3192 τοῦ
596 3138 732 3208 μυστικοῦ
749 3132 842 3206 μύρου
860 3135 1027 3205 εὐχαριστία,
1045 3137 1176 3200 leguntur,
1198 3135 1292 3188 verbus

73 3209 125 3278 eb,
144 3203 231 3278 Κύριε
249 3205 264 3263 d
285 3207 367 3272 Θεὸς,
386 3211 433 3262 aei
451 3212 503 3262 νῦν
520 3211 600 3262 τοῦτο
621 3205 651 3259 τὸ
670 3203 761 3274 μύρον
781 3206 830 3265 eide
844 3206 952 3273 ἐυεργὲς
968 3207 1101 3274 γενέσθαι
1126 3204 1174 3256 inl
1194 3203 1231 3270 τῷ
1247 3208 1295 3268 βαι
1384 3261 1391 3268 ,

71 3281 238 3348 σωζομένῳ,
256 3274 326 3334 ὥστ’-ε
336 3283 456 3344 {dedatur
472 3280 519 3330 καὶ
532 3272 639 3346 πάγιον
652 3275 683 3331 ἐν
697 3273 835 3343 αὐτῷτὴν
855 3273 975 3328 εὐωδίαν
992 3277 1086 3345 μεῖναι
1104 3275 1153 3326 τοῦ
1172 3271 1296 3342 Χριστοῦ

74 3366 138 3411 σου,
155 3347 204 3400 seori
224 3339 460 3402 συναποθανόνσα
481 3344 568 3399 αὐτὸν
587 3347 795 3410 deversorium
814 3345 861 3396 oroi
881 3346 994 3408 συζῆσαι
1013 3342 1095 3410 αὐτῷ.

145 3417 180 3486 †)
202 3420 234 3468 de
252 3428 390 3474 resurrect.
408 3435 481 3473 carn.
500 3418 526 3470 8.
553 3434 579 3484 p.
599 3417 659 3468 680.
697 3415 725 3466 ln
746 3417 911 3468 enarratione
931 3417 1027 3466 rituum
1046 3414 1163 3481 inprimis
1185 3413 1241 3478 ejus
1261 3413 1299 3464 its

75 3489 211 3542 meminit:
233 3505 294 3538 coro
314 3491 453 3552 signatur,
471 3496 501 3535 ret
524 3493 549 3534 et
567 3487 655 3536 anime
675 3487 817 3540 muniretur.
853 3485 916 3536 ltem
936 3485 995 3538 libr,
1015 3485 1047 3532 de
1061 3484 1218 3548 praescript,
1239 3483 1300 3535 adv.

74 3559 203 3610 luceretis.
223 3559 268 3611 db.
288 3558 397 3624 putee.
419 3556 464 3608 ott
483 3555 597 3608 Smeuu'c
618 3554 783 3617 succinitur
801 3555 826 3606 in
846 3554 977 3604 imitandis
995 3552 1176 3602 sanctissimae
1195 3551 1300 3616 religie-

77 3629 117 3680 nis
138 3627 310 3681 sacrementis
332 3642 363 3678 ec
383 3625 543 3694 mysteriesis
564 3624 712 3676 cerimoniis
733 3623 909 3692 perstringens
928 3623 999 3672 illius
1026 3636 1125 3686 queque
1151 3621 1230 3671 moris
1255 3619 1301 3672 ob·

76 3695 227 3748 servetiet
245 3697 277 3748 ad
295 3695 446 3746 daemonum
465 3709 524 3744 arus
540 3693 671 3758 translati,
691 3694 847 3744 mentionem
863 3691 957 3755 injicit,
978 3689 1083 3740 dicens:
1103 3689 1184 3750 tingit
1202 3697 1226 3734 et
1244 3689 1301 3752 ipse

78 3763 228 3833 (diabulus)
255 3766 378 3833 querelem
403 3763 494 3830 notique
518 3763 649 3812 credentes
673 3770 698 3809 et
717 3760 805 3824 fideles
823 3777 883 3810 suos
903 3759 1073 3822 expiationem
1094 3757 1243 3804 delictorum
1268 3755 1301 3804 de

77 3837 186 3884 luvam
202 3835 359 3899 repromittit
375 3841 399 3882 et
416 3834 454 3882 sic
471 3832 557 3880 adbuc
573 3831 662 3880 initiat
679 3831 817 3890 Mithrae,
833 3829 924 3892 signet
941 3828 996 3874 illic
1012 3827 1040 3874 to
1058 3825 1189 3889 frontibus
1206 3825 1301 3874 milites

78 3919 156 3964 suos,-
190 3903 302 3952 celebrat
329 3911 354 3951 et
376 3902 456 3966 porris
480 3901 633 3950 oblationem
655 3907 679 3948 et
705 3899 843 3963 imaginem
862 3895 1058 3946 rerurrectionis
1078 3893 1177 3944 inducit
1202 3901 1226 3942 et
1253 3893 1301 3943 ereb

77 3972 172 4037 gladic
187 3972 290 4022 redimit
308 3986 434 4024 remmom.

148 4039 205 4108 ††)
226 4042 259 4090 ote
276 4057 361 4094 coron.
379 4039 453 4093 milit.
463 4039 489 4090 3.
512 4037 608 4106 pete.
626 4036 680 4088 eitt
701 4036 737 4084 ad
754 4052 849 4084 omnem
864 4049 1034 4102 progressum
1053 4041 1131 4101 etque
1146 4040 1299 4098 promotum,

80 4109 119 4158 ud
132 4101 230 4159 emerem
247 4110 346 4158 editum
366 4117 390 4157 et
408 4109 513 4172 exitum,
529 4107 566 4154 erl
579 4107 709 4169 vestitum,
725 4105 762 4154 ad
778 4106 928 4167 calceatum,
947 4105 984 4152 ed
1000 4103 1118 4166 lavacra,
1136 4102 1173 4150 ad
1190 4117 1301 4165 mensos,

80 4179 118 4228 ud
136 4179 251 4243 lumina,
275 4179 312 4227 od
328 4178 435 4238 mobilia,
457 4177 494 4226 od
510 4175 621 4244 sedilia,
639 4191 791 4243 praecoque
809 4191 855 4225 moe
875 4173 1033 4224 conversatio
1054 4179 1169 4236 exercet,
1190 4171 1301 4237 frontem

81 4249 167 4298 crucis
187 4247 458 4312 nigrummontensem

151 4317 230 4384 †††)
242 4317 308 4380 teir.
326 4316 352 4384 3,
373 4314 414 4368 17.
434 4314 513 4366 dicit:
534 4310 593 4365 ἐστὶ
611 4307 628 4362 t
644 4311 777 4382 σφραγὶς,
798 4307 861 4362 ἀντὶ
878 4309 928 4363 τοῦ
947 4309 1077 4378 σταυροῦ.
1235 4371 1241 4385 ⁸
1270 4370 1276 4382 Ι

151 4385 203 4454 †*)
225 4386 257 4435 de
274 4386 392 4450 baptism.
404 4385 430 4436 8.
445 4400 471 4452 p.
483 4383 544 4436 tdt.
565 4383 673 4436 scribit:
694 4383 785 4432 debinc
803 4398 895 4432 moeres
913 4381 1063 4446 imponitur,
1079 4393 1130 4444 per
1149 4371 1301 4450 benedicim-

83 4459 139 4508 rest
159 4455 293 4508 arom
311 4463 337 4504 et
351 4455 465 4506 irritem
479 4453 606 4520 Spiritum
623 4457 651 4506 S.
676 4447 796 4522 idemque
815 4453 847 4503 de
863 4455 1001 4504 resurrect.
1019 4465 1092 4501 raro.
1111 4445 1137 4496 8.
1157 4443 1196 4493 bis
1213 4438 1301 4492 verbrs
