2968 4896
167 286 170 294 ¹
211 257 286 323 tls
537 301 540 306 .
588 247 737 317 llhlllll.¹
781 247 816 314 (i.
835 246 873 313 li.
891 241 1101 314 Wiedecleld·

999 375 1013 403 Ο

210 427 563 505 etinmardentiessimas,
580 445 656 508 qnae
674 429 710 488 ad
726 427 821 488 Deum
838 423 965 486 elericos
982 421 1125 483 laudabat
1141 439 1252 502 preces,
1280 427 1315 481 cb
1332 419 1399 480 eim
1419 437 1464 480 ac

223 521 350 584 Satanae
370 519 400 579 in
419 537 470 581 eos
496 523 684 598 potestatem,
707 513 758 596 qui
776 511 923 575 Salvatori
942 510 1060 572 nomina
1085 509 1250 586 dedissent,
1274 517 1463 586 conterere,

222 609 339 672 omuino
357 607 481 688 denique
497 605 607 668 ¹sontem
625 604 828 684 cujuscunque
848 599 956 662 erroris
979 619 1016 660 uo
1040 597 1168 660 malitiae
1185 599 1344 661 obstruere
1366 594 1464 658 velit.

221 698 387 759 induuntur
402 715 472 757 reru
488 693 517 753 id
536 713 632 773 genus
648 709 752 772 preces
776 711 793 750 a
811 687 1004 768 scriptoribus
1021 685 1110 768 hujus
1128 686 1192 747 aeri
1216 683 1462 760 ecclesiasticis,

220 787 339 847 nomine
357 781 562 859 exorcismi*).
600 780 709 842 Omnes
726 797 843 858 quoque
864 777 931 838 huie
955 777 992 834 ad
1017 774 1190 854 baptismum
1212 773 1245 833 in
1268 771 1364 833 veleri
1398 791 1461 832 cc-

222 873 316 936 clesia
343 867 557 953 praeparationi
583 867 745 928 haereticos
763 877 791 926 et
809 863 1012 926 schismaticos
1030 861 1232 943 subjiciendos
1249 879 1337 938 esee,
1367 877 1460 920 oon-

222 959 322 1024 cilium
349 958 448 1020 Carth.
475 956 517 1028 (a.
535 957 614 1036 25⁶)
639 951 860 1032 constituit**)3
891 949 1026 1032 idemque
1049 949 1200 1030 praecepit
1222 945 1332 1009 concil.
1359 947 1482 1014 Con-t

220 1058 310 1111 stant.
328 1047 350 1108 l.
362 1045 431 1124 m).
468 1045 545 1117 Sed,
569 1045 644 1122 qnod
662 1041 820 1121 praeterire
838 1036 1004 1115 noluimus,
1027 1038 1074 1099 hic
1091 1038 1164 1099 ritus
1178 1037 1219 1098 ita
1238 1046 1300 1096 erat
1315 1035 1460 1097 univer-

216 1137 304 1211 salis,
320 1143 353 1194 ut
370 1153 407 1194 ae
422 1130 563 1208 haeretici
581 1129 695 1209 quidem
712 1131 748 1190 ab
768 1149 802 1190 eo
818 1128 1017 1202 abstinerent,
1037 1136 1073 1188 eb
1091 1125 1167 1188 enirn
1184 1134 1322 1204 respectu
1339 1123 1400 1186 Ca
1414 1145 1459 1185 e-

222 1223 346 1285 oilius
373 1241 390 1281 a
413 1217 523 1280 Bilta
544 1218 576 1277 in
595 1214 710 1278 Concil.
728 1217 812 1276 modo
836 1216 883 1278 cit.
903 1211 1061 1292 erininga
1102 1213 1215 1294 „Apud
1239 1211 1458 1289 haereticos‚“

220 1309 315 1392 inquit
332 1305 488 1388 „ubispos
505 1303 588 1366 nulla
600 1314 686 1365 estet
701 1303 773 1364 fides
789 1303 874 1380 falsa,
891 1303 941 1364 ubi
960 1301 1057 1363 omnin
1073 1321 1126 1384 per
1142 1299 1326 1362 merdarium
1338 1319 1457 1380 eguu-

220 1409 276 1476 tur,
294 1396 346 1458 ubi
364 1395 510 1456 exorcisat
527 1391 768 1454 daernouiacus.“

305 1486 369 1547 Neo
392 1483 491 1544 lersan
511 1481 695 1559 reprobanda
712 1489 792 1540 esset
809 1479 873 1560 ejus
891 1477 1046 1554 sententia,
1071 1476 1119 1556 qui
1137 1474 1302 1550 crediderit,
1327 1483 1360 1536 et
1379 1476 1454 1556 Cp-

157 1640 161 1655 ¹
219 1573 352 1657 prianum
376 1571 406 1632 in
428 1570 516 1651 epist.
532 1567 586 1630 illa
607 1571 645 1629 ad
661 1569 806 1646 Magnum
823 1569 853 1627 id
877 1585 971 1646 genus
989 1563 1149 1627 exorcismi
1172 1562 1378 1642 intellexisse,
1409 1567 1452 1626 de
1481 1559 1482 1566 '

218 1682 276 1743 quo
294 1658 341 1721 hic
366 1661 516 1740 disputare
540 1655 729 1718 instituimus.
765 1655 911 1716 interdum
936 1653 1012 1716 enim
1032 1654 1149 1714 evenire
1173 1651 1318 1726 meminit,
1349 1671 1455 1714 exor-

217 1751 357 1810 cistarum
382 1747 563 1808 inelllcaeem
586 1743 680 1805 fuisse
704 1751 874 1823 potestatem
885 1743 920 1822 †)
945 1743 1051 1822 (quod,
1075 1740 1101 1802 si
1117 1739 1232 1802 animos
1249 1737 1455 1802 idololatriae

219 1837 393 1898 consideres
405 1835 518 1895 deditos
535 1853 570 1896 ac
584 1849 750 1909 perversos,
767 1829 906 1891 srreillirue
917 1826 1107 1910 perspicias),
1126 1827 1248 1908 opprimi
1260 1837 1359 1888 autem
1372 1829 1453 1891 ‹liau-

151 1993 159 2002 ,
217 1925 334 1998 bolum,
359 1943 445 2003 quum
473 1925 508 1982 ad
533 1941 637 2000 aquam
663 1919 821 1980 salutarem
847 1929 934 1999 atque
958 1920 995 1978 ad
1013 1913 1452 1996 baptismi*sanctificationem

219 2007 508 2090 adgrederetur††).
546 2009 638 2068 Recte
658 2007 773 2088 quidem
797 2007 909 2067 monuit
934 2001 1246 2082 Krafltiusffi),
1272 2001 1359 2064 bisce
1377 2004 1451 2086 cy-

218 2098 313 2180 priani
336 2097 435 2158 verbis
459 2115 517 2154 noo
541 2094 809 2174 paetlobaptisruom
832 2093 932 2169 innui,
960 2094 1102 2173 quamde
1122 2089 1231 2152 adultis
1249 2089 1348 2152 solere
1366 2113 1450 2172 pro-

215 2179 371 2265 oretisque
382 2193 482 2244 ‘aetate
506 2177 602 2244 sermo
627 2183 665 2243 sit
681 2181 798 2258 Nostri3
824 2203 919 2262 neque
937 2192 1031 2242 tannen
1048 2179 1085 2256 ei,
1102 2177 1131 2240 si
1146 2177 1284 2240 hocloco
1301 2180 1451 2243 exorcis·
1481 2237 1482 2246 ,

213 2287 296 2335 ‘mum
314 2271 422 2354 arripit
439 2273 474 2331 de
493 2270 636 2351 ejectione
652 2272 825 2330 daemonum
844 2289 880 2330 ex
897 2261 1087 2349 corporaliter
1099 2265 1246 2342 obsessio,
1266 2269 1450 2331 consentia·
1481 2269 1482 2342 ,

188 2381 296 2425 smne.
327 2361 393 2422 Hoc
411 2359 487 2421 euim
504 2358 665 2434 contextui,
684 2379 741 2440 quo
758 2357 815 2420 rim
834 2353 970 2438 baptismi
988 2355 1172 2436 salutertrque
1186 2355 1356 2436 descriptus
1373 2366 1450 2418 tan-

214 2602 314 2668 iuitiat.
331 2601 358 2656 2.
379 2598 513 2651 Hierou.
534 2600 559 2650 iu
576 2597 670 2650 hlatth.
688 2599 801 2654 25—26.
823 2597 973 2650 Salviau.
993 2597 1025 2650 de
1043 2597 1143 2665 provid.
1163 2597 1188 2650 b.
1207 2614 1232 2664 p.
1247 2595 1306 2648 197.
1327 2595 1448 2652 Hilar.

216 2677 295 2733 ¹tract.
316 2669 341 2718 iu
359 2665 454 2718 Psalru.
475 2671 516 2720 14.
539 2667 657 2736 Cyrill.
680 2667 786 2718 Cateoh.
806 2665 883 2734 Mysi.
906 2667 924 2716 l.
945 2683 970 2735 p.
988 2667 1037 2718 306
1058 2683 1113 2734 sqq.

286 2735 543 2800 *troiugenae
566 2737 654 2803 p·25.

285 2807 327 2869 **)
346 2806 467 2871 „Censeo
484 2821 570 2856 omnes
589 2805 735 2855 haereticos
753 2812 780 2856 et
795 2805 985 2868 schismaticos,
1005 2805 1048 2870 qui
1069 2805 1101 2855 ud
1121 2804 1276 2856 catholicam
1295 2805 1446 2858 ecclesiam

216 2878 346 2928 volueriut
365 2877 471 2940 venire,
502 2891 551 2924 uon
573 2881 632 2924 aute
652 2875 763 2939 ingredi,
786 2875 835 2925 uisi
856 2874 1000 2925 exorcizati
1019 2881 1046 2924 et
1064 2874 1191 2940 baptizati
1210 2873 1281 2940 prius
1302 2872 1446 2927 luerint.“

146 2996 149 3002 .
217 2945 316 2998 Coucil.
337 2945 427 2996 Carth.
450 2960 491 3011 ap.
513 2943 589 3026 Cypr.

284 3015 341 3080 W)
363 3013 392 3064 C.
406 3009 448 3065 l.:
470 3005 525 3077 „air
543 3011 655 3073 ἓλληνας
671 3003 820 3080 δεχόμεθα,
840 3011 885 3062 καὶ
905 3007 955 3074 τὴν
972 3003 1085 3080 πρώτην
1103 3003 1209 3077 ἡμέραν
1226 3010 1369 3075 ποιοῦμεν
1390 3009 1446 3064 αὐ-

215 3085 279 3142 τοῦς
297 3078 486 3150 χριστιανοὺς,
511 3077 560 3131 τὴν
581 3080 612 3132 ot
634 3079 765 3146 denrlpnr
783 3083 1019 3148 κατηχουμένους,
1043 3075 1100 3132 eloco
1119 3075 1169 3134 obv
1190 3082 1283 3164 tplrpr
1301 3079 1447 3144 ἐξορκίζο-

115 3217 119 3224 !
214 3169 270 3222 μεν
287 3147 386 3208 αὐτοὺς
406 3147 474 3215 μετὰ
495 3149 628 3216 ἓμφυσᾷν
648 3153 739 3216 τρίτον
762 3151 799 3207 εἰς
817 3147 847 3200 τὸ
874 3143 1030 3216 πρόσωπον
1056 3149 1104 3200 καὶ
1129 3150 1167 3206 εἰς
1194 3145 1226 3198 τὰ
1250 3165 1307 3198 wrn
1325 3147 1445 3200 αὐτῶν·

215 3221 263 3270 καὶ
284 3216 368 3277 οὕτως
388 3217 561 3284 κατηχοῦμεν
580 3214 693 3281 αὐτοὺς,
718 3219 764 3268 καὶ
787 3218 926 3286 ποιοῦμεν
945 3215 1044 3276 αὐτοὺς
1061 3219 1198 3286 χρονίζειν
1216 3218 1254 3276 εἰς
1272 3213 1324 3282 τὴν
1341 3217 1447 3285 ἐκκλη-

216 3292 282 3339 σίαν
301 3289 347 3338 unl
365 3283 523 3349 ἀκροᾶσθαι.
540 3286 597 3334 τῶν
614 3287 749 3355 γραφῶν·
770 3287 818 3337 eal
836 3281 896 3340 τότε
915 3284 1015 3346 αὐτοὺς
1031 3287 1230 3356 βαπτίζομεν.“

284 3356 314 3422 †)
335 3356 455 3424 Cyrill.
477 3353 584 3404 Cateclr.
604 3355 629 3406 3.
651 3373 675 3404 n.
697 3357 738 3412 12.
760 3373 784 3423 p.
805 3359 848 3408 45.

230 3469 232 3474 ,
284 3427 337 3488 ††t
359 3425 404 3474 llic
425 3424 531 3485 locum,
547 3439 620 3488 quem
640 3425 806 3490 invenerant}
828 3431 918 3476 notato
938 3426 1193 3490 maxime‘digcuru,
1216 3425 1241 3476 in
1261 3423 1403 3475 Auuotutt.
1428 3443 1444 3480 a

215 3491 394 3557 lltrlduino,
416 3493 487 3542 libris
507 3491 595 3558 Optati
615 3491 702 3542 Milev.
724 3495 777 3556 „de
795 3495 934 3545 schismate
949 3495 1166 3546 Donatistarum“
1186 3493 1326 3560 adspersis,
1346 3495 1444 3546 celare

215 3565 295 3622 uolui.
324 3561 483 3628 „blemiui,“
504 3561 532 3610 ll.
553 3562 644 3626 inquit,
667 3559 791 3624 „Petrum
802 3562 880 3614 Mart.
902 3563 1067 3614 familiariter
1085 3564 1223 3630 aliquando
1241 3563 1304 3614 mibi
1323 3563 1440 3628 dixisse,

215 3635 281 3701 quoti
301 3639 328 3684 et
352 3639 442 3699 postea
461 3631 566 3696 scripsit
585 3631 610 3680 iu
630 3631 737 3696 primum
759 3631 851 3682 librum
872 3631 970 3696 llegg.,
1000 3647 1058 3682 sese
1078 3649 1135 3682 cum
1154 3633 1287 3698 quemdum
1308 3631 1442 3700 Cypriaci

199 3701 297 3759 ,locum
319 3701 457 3766 dillgenter
475 3699 647 3765 expenderet,
672 3700 840 3764 singulariter
859 3701 1058 3767 deprehendisse
1080 3707 1158 3766 etque
1179 3702 1333 3752 observasse
1353 3702 1443 3766 origi-

213 3785 269 3820 nem
286 3773 387 3821 minime
402 3772 487 3833 atalgo.
499 3777 586 3816 rectum
603 3771 808 3818 exorcismi-eam
825 3770 951 3832 beptr'smo
969 3771 1153 3838 conjungendi.
1190 3771 1347 3836 Cypriorum
1366 3773 1440 3822 enim

213 3840 274 3890 libr.
293 3843 319 3892 4.
342 3840 455 3890 scribere
478 3839 510 3888 ed
529 3836 665 3900 Magnum.
689 3839 795 3904 spiritus
816 3839 958 3888 irnmundos
979 3839 1132 3904 quaudoque
1154 3837 1245 3890 fallere
1264 3853 1355 3889 servos
1375 3837 1439 3904 Dei,

215 3909 273 3958 dum
295 3909 406 3972 adjurati
425 3907 524 3970 fingunt
543 3921 601 3956 sese
621 3907 692 3956 abire
713 3921 759 3956 nee
778 3913 863 3956 tamea
883 3907 989 3956 abeunt.
1026 3905 1090 3956 Tum
1110 3923 1171 3956 vero
1190 3907 1348 3974 Cypriacam
1369 3910 1441 3972 adji-

144 4029 150 4038 ,
215 3991 291 4028 cere:
324 3975 439 4039 „Verum
459 3991 515 4026 eum
535 3976 566 4026 ad
587 3991 677 4042 uqruam
696 3983 798 4024 venturu
818 3979 867 4035 est,
886 3975 922 4024 ibi
938 3975 1062 4025 Diabolus
1079 3975 1183 4026 minime
1200 3973 1272 4026 balet
1288 3977 1438 4028 subsistere

213 4059 369 4111 prorsusque
389 4045 531 4094 diseedit.“
569 4043 633 4094 llice
652 4043 743 4107 Petrus
763 4041 798 4093 Μ.
819 4043 905 4108 jactat
928 4059 985 4095 sese
1004 4045 1143 4109 colligere,
1164 4044 1225 4096 olim
1244 4045 1342 4096 lactum
1365 4061 1439 4111 esse,

212 4122 242 4162 art
262 4114 414 4178 arreptr'cr'e,
441 4114 487 4180 qui
502 4129 553 4160 nnn
569 4121 690 4176 pererrant
709 4113 800 4160 curari
816 4113 975 4176 exorcismis,
1003 4114 1210 4177 beptr'zereetrtr,
1245 4113 1436 4166 Posterllulem

212 4197 275 4232 vero
292 4181 449 4244 generaliter
466 4187 493 4231 et
510 4181 615 4232 eorrlose
633 4181 725 4232 deiude
740 4195 841 4248 semper
859 4182 1015 4232 exorcismos
1031 4181 1197 4246 conjunxisse
1216 4195 1273 4233 cum
1292 4183 1436 4250 baptismo.
1481 4191 1482 4236 t

212 4249 250 4300 Ao
269 4251 369 4316 quidem
389 4247 486 4300 latetur
503 4249 634 4316 Optatam,
656 4256 684 4300 ut
702 4257 728 4300 et
740 4249 910 4314 augustinum
928 4248 1004 4301 valde
1018 4251 1043 4300 id
1058 4251 1193 4317 probasse.
1228 4251 1436 4318 Sedutrotuque
1481 4245 1482 4256 ¹

211 4327 351 4386 propterea
372 4319 536 4384 reprehendit
563 4325 589 4367 et
609 4319 704 4369 erroris
729 4320 868 4370 accusat.“
905 4317 1000 4370 Verum
1022 4321 1153 4370 enimuero
1181 4333 1227 4388 spe
1247 4327 1341 4373 teneor
1366 4322 1435 4388 lore,

212 4389 242 4440 ut
258 4387 397 4450 sententia,
421 4385 586 4437 buicflibello
604 4401 660 4438 meo
681 4388 789 4454 inserta,
810 4387 892 4452 magis
912 4389 1028 4441 arrideat
1045 4389 1147 4441 lectori.
1302 4376 1309 4392 ⁴

273 4457 356 4523 att)
377 4453 396 4508 ¹·
417 4453 436 4506 1·
457 4469 484 4522 r·
502 4455 545 4507 8⁶·
1095 4485 1098 4492 ι
1481 4449 1482 4502 t
