2944 4890
578 266 667 336 XLV·
699 265 871 350 bononia
889 264 1052 338 Paariaiap

572 443 633 496 Nor
650 449 717 496 terta
735 441 880 510 sanabimur
897 457 962 496 oren

573 513 665 577 violis,
675 519 712 564 'et
728 513 824 580 frende
841 513 972 580 frequenti

572 583 726 649 rtratruapue
743 589 768 632 rt
784 583 887 648 stupida
904 597 977 632 euna

571 651 669 717 ttpur'do
688 665 844 717 epar-petreae
863 649 958 702 odore-¹

208 717 323 799 Magna
348 719 425 800 apud
445 717 580 800 antiquas
602 719 660 780 fuit
679 741 750 783 cars
773 728 804 782 et
821 718 926 799 religio
950 718 1170 800 sepulcrorum,
1195 724 1227 779 ut
1245 735 1283 778 ex
1300 712 1418 776 Sidonio

209 807 394 887 intelligitur,
410 807 460 887 qui
477 807 564 868 tradit
582 807 640 890 (ep.
652 811 691 869 ed
703 811 858 870 Seourrdnnt
872 811 918 869 at.
930 809 988 885 3.):
1009 827 1064 887 „se
1079 806 1177 890 ipsam
1191 826 1257 867 curu
1268 803 1419 884 aliquando

208 896 424 972 intervenisset,
442 894 630 976 prohibuisse
647 898 788 975 quosdam
804 896 945 977 profanos
961 895 1096 958 homines
1109 907 1132 956 ‘a
1148 893 1312 974 direptione
1323 889 1420 970 sepul·
1456 955 1457 958 Ἴ

141 1047 145 1056 ,
210 1004 344 1062 crorum,
368 994 464 1046 sumto
487 984 523 1044 de
546 976 620 1062 ipsis
631 981 802 1065 supplicio,
828 983 897 1066 qaia
914 984 991 1046 iuter
1013 983 1072 1046 alia
1089 983 1190 1064 proavi
1214 981 1262 1042 sui
1283 978 1419 1042 tumulum

209 1071 404 1134 r·ioiassent.⁸‘
436 1069 602 1148 Magnifica
617 1069 742 1150 sepulca
757 1083 870 1134 veteres
887 1070 1082 1148 exstruxisse,
1100 1093 1137 1134 ex
1152 1074 1247 1134 bonati.
1263 1071 1312 1129 10.
1331 1067 1420 1147 Cbrp·

210 1159 331 1221 sostorui
358 1160 410 1219 79.
432 1164 465 1220 ia
488 1161 537 1220 17.
569 1181 631 1240 cop.
653 1165 760 1221 Joerrn.
787 1159 970 1240 intelligitur.
1009 1160 1146 1222 (laterata
1171 1179 1237 1220 cam
1264 1155 1419 1236 antiquitus
1456 1165 1457 1186 t

209 1259 320 1308 tanturn
341 1257 424 1308 extra
441 1248 542 1308 arbem
566 1246 595 1307 in
615 1246 797 1310 caemeteriis
817 1245 965 1310 burdinum
986 1269 1109 1331 corpora
1125 1246 1338 1330 sepelirentur,
1356 1262 1420 1323 pace

208 1335 356 1398 ecelesiae
374 1336 443 1395 data
461 1333 538 1396 intra
558 1335 647 1397 urbes
667 1337 704 1396 ad
724 1335 894 1418 templorum
912 1335 1032 1413 limina,
1052 1347 1154 1417 postea
1170 1338 1200 1396 ia
1219 1333 1294 1414 ipsis
1313 1330 1420 1410 templis

209 1421 328 1504 sepeliri
347 1441 416 1484 mos«
427 1420 561 1485 invaluit.
589 1423 800 1488 Constantinus
816 1424 845 1485 in
863 1425 977 1505 porticu
989 1423 1088 1504 templi
1102 1422 1197 1485 sancti
1210 1420 1288 1484 Petri
1301 1419 1420 1494 Romae,
1457 1416 1458 1504 l

210 1511 275 1592 ejus
292 1531 367 1574 uxor
382 1511 459 1572 iatra
473 1510 551 1572 idern
568 1513 705 1592 tempium
723 1509 829 1592 sepulti
846 1521 923 1573 sant.
943 1513 1081 1576 Rotbaris
1096 1533 1148 1574 rex
1159 1510 1420 1590 Langobardorum
1457 1545 1458 1548 =

211 1598 312 1660 'licini
332 1598 363 1660 in
389 1599 483 1660 sancti
502 1599 624 1662 terranis
645 1599 807 1680 baptistaa;
839 1598 1006 1662 clodoveos
1024 1601 1207 1662 Francorum
1230 1617 1283 1659 rex
1301 1593 1421 1657 Parisiis

210 1685 366 1767 intemplo
385 1686 600 1767 apostoloram,
626 1687 801 1749 Clatbarias·
823 1709 875 1750 rex
894 1687 1019 1750 Parisiis
1042 1688 1073 1749 in
1094 1685 1221 1749 basilica
1239 1682 1337 1746 sancti
1353 1682 1421 1747 tia-

158 1814 162 1820 ,
209 1773 317 1849 centii;
348 1772 538 1836 Branebildis
568 1775 674 1854 regina
698 1776 879 1837 Francorum
906 1778 983 1856 apud
1009 1775 1143 1838 Hedaam
1170 1774 1202 1835 in
1227 1775 1300 1835 aede
1332 1769 1420 1832 sancti

210 1859 349 1939 Martini,
374 1860 504 1924 Carolus
523 1861 680 1926 Martellas
700 1873 728 1924 et
747 1864 812 1944 ejas
831 1863 910 1926 filias
926 1861 1049 1944 Pipinus
1066 1863 1097 1925 in
1115 1863 1221 1942 templo
1237 1859 1334 1922 structi
1353 1858 1420 1920 llio-
1457 1893 1458 1946 p

210 1949 287 2031 npsii
304 1949 446 2025 Parisiis;
470 1950 596 2012 Carolus
613 1951 656 2013 M.
674 1951 744 2030 imp.
760 1954 790 2012 in
811 1950 938 2014 ecclesia
956 1961 1076 2013 sanotae
1095 1949 1211 2014 Mariae
1230 1945 1420 2030 aquisgrani,

209 2037 380 2096 Ladariaas
406 2037 478 2097 Pius
502 2037 570 2116 imp.
599 2037 629 2098 iu
653 2039 781 2122 basilica
804 2038 898 2101 sancti
923 2039 1067 2120 Aroalpbi
1091 2039 1199 2114 Metis;
1231 2035 1420 2098 Macedoniae

211 2121 553 2200 constantinopotttanns
577 2124 736 2204 episcopus
759 2130 836 2208 apud
852 2128 992 2208 Gangras
1012 2126 1080 2190 exal
1100 2126 1244 2202 moriens,
1269 2121 1419 2213 intemplo

210 2208 305 2270 sancti
326 2208 462 2271 Gallinici
479 2213 642 2293 'martyris3
676 2212 761 2277 diras
787 2216 962 2278 Benedictus
986 2216 1078 2278 abbas
1098 2213 1223 2277 Casinas
1247 2211 1279 2272 ia
1304 2210 1420 2272 basilica

210 2295 306 2358 sancti
322 2297 444 2360 loannis
464 2291 607 2380 baptistae
625 2301 733 2363 conditi
757 2312 835 2364 suat.
872 2303 981 2365 Eorum
999 2303 1094 2379 eninr,
1118 2301 1166 2383 qni
1185 2299 1306 2381 pietatis
1331 2299 1419 2372 luade,

209 2395 262 2447 aut
278 2405 373 2448 rerarn
393 2397 542 2468 gestarum
559 2389 761 2468 magnitudine
781 2391 959 2454 celebriores
975 2390 1104 2468 inerunt,
1124 2407 1249 2469 corpora
1264 2388 1294 2448 in
1314 2385 1420 2465 templis

210 2470 400 2538 tumularunt.
435 2475 486 2537 Sic
505 2477 575 2552 Leo,
594 2477 775 2558 Simplicius,
793 2477 944 2558 Gelestae,
963 2479 1139 2542 Anastasius
1155 2477 1203 2554 tt.,
1223 2472 1420 2558 Synnados,

210 2557 370 2622 Horrnisda
404 2572 432 2622 et
465 2561 569 2644 reliqui
596 2565 735 2646 deinceps
758 2567 883 2629 Romani
911 2566 1064 2648 pontifices
1091 2567 1128 2628 ad
1151 2575 1287 2627 sanetum
1310 2562 1419 2624 Petram

211 2647 375 2728 apostolum
394 2657 464 2710 sant
480 2651 622 2715 tumulati.
654 2654 783 2717 loannes
799 2675 875 2737 papa
890 2655 1062 2728 Ravennae,
1083 2657 1236 2735 Agapetas
1253 2648 1420 2712 Constanti·
1458 2673 1459 2724 ,

209 2731 310 2815 napoli
330 2733 472 2814 translati,
495 2738 609 2801 Romae
627 2739 656 2802 in
675 2743 775 2803 eodem
794 2740 901 2824 tetaplo
920 2740 1028 2822 sepulti
1047 2752 1124 2803 sant.
1157 2739 1342 2803 lastinianus
1357 2738 1421 2817 imp.
1458 2737 1459 2812 l

209 2822 466 2906 Constantinopoli
491 2825 645 2890 basilicam
664 2827 831 2892 sanctorum
856 2831 1056 2911 apostoloram
1076 2827 1231 2904 exstruxit,
1247 2827 1279 2889 in
1295 2845 1354 2908 qao
1369 2825 1421 2884 iro·
1458 2835 1459 2846 ¹

207 2911 360 2989 paratoria
380 2923 409 2974 ct
435 2913 628 2995 patriarchae·
643 2915 740 2980 locam
764 2916 936 3000 sepultarae
955 2919 1098 2980 baberent
1121 2913 1285 2996 (Evagrias
1301 2912 1333 2990 3,
1349 2915 1421 2988 tib).

209 2998 346 3061 Ceteram
371 3003 511 3083 sepulcra
537 3023 701 3067 marmorea
723 3005 834 3084 fuisse,
864 3005 1029 3086 Gregorius
1046 3003 1233 3066 'l'uronensis
1263 3003 1314 3080 (de
1336 3005 1422 3081 plotio

208 3088 327 3163 confers.
343 3091 410 3168 te.)
437 3101 569 3155 testatur.
605 3091 816 3174 Sepuleroraat
836 3093 902 3156 loca
921 3090 1097 3156 sacerdotali
1111 3089 1329 3154 annutante
1353 3109 1422 3150 cnu-

208 3186 324 3237 secrata
338 3175 442 3254 luisse,
460 3178 502 3242 ait
518 3181 593 3242 idern
611 3180 775 3262 Gregorius
792 3181 863 3262 (1.1.
882 3181 981 3262 lou).
1011 3177 1160 3242 Nobilium
1177 3175 1326 3258 sepulcris
1342 3175 1423 3258 lyrb-

206 3264 321 3326 nncbos
337 3268 524 3345 suspendere
534 3267 679 3346 solebant,
698 3271 774 3349 quud
792 3267 910 3350 exponit
925 3268 1114 3331 'furonensis
1130 3265 1161 3344 4,
1178 3268 1239 3344 3⁰,
1257 3265 1307 3347 qai
1324 3264 1424 3327 scribit

208 3349 383 3413 Glasaiataa
416 3353 539 3434 reginae
570 3355 754 3418 Francorum
785 3357 922 3438 lpcbuam
952 3357 1023 3419 luno
1048 3356 1143 3417 tracto
1170 3353 1316 3434 dilapsam
1350 3371 1423 3414 esse.

206 3436 344 3517 ignatius
362 3446 392 3501 in
409 3447 467 3504 citu
484 3448 602 3505 'l'orosit
621 3443 678 3506 ait:
704 3489 721 3518 „
730 3442 889 3529 Mulieres,
910 3443 1052 3526 proflatio
1071 3441 1230 3522 sanguinis
1248 3441 1422 3512 laborantes,

207 3543 245 3586 ex
260 3524 406 3606 latropade,
432 3530 468 3590 ad
487 3527 656 3611 sepulerum
674 3531 805 3607 Torani,
830 3529 1015 3612 patriarchae
1033 3528 1362 3610 constantinopolitani,
1379 3528 1423 3588 ln-

208 3619 302 3689 cento,
320 3613 456 3680 hausisse
473 3617 570 3680 oleum
588 3628 616 3679 et
633 3629 751 3683 sanatas
768 3623 866 3682 esse.“
891 3619 924 3680 ln
944 3618 1069 3681 coneilio
1082 3617 1261 3681 Bracareosi
1276 3620 1422 3679 decretam

205 3699 326 3781 legitur,
349 3723 412 3781 „ae
431 3723 556 3785 corpora
572 3706 776 3768 delaneter‘uru
794 3706 872 3770 intra
890 3707 1032 3770 basilicas
1050 3717 1221 3790 sanctornm
1235 3704 1422 3777 tumulentur,

206 3791 259 3850 sed
292 3789 364 3853 fiant
390 3811 491 3856 omncs
522 3784 694 3873 sepultarae
719 3805 802 3857 extra
833 3794 978 3858 civitatem
1014 3795 1218 3876 (cupetur
1272 3791 1422 3874 Sepulcris

207 3875 442 3943 Christianorum
460 3880 611 3962 epitaphia
627 3881 843 3960 adigebantur,
869 3886 904 3946 de
924 3884 1033 3964 quibas
1050 3881 1180 3946 meminit
1196 3881 1376 3944 Prudentius
1395 3879 1420 3942 in

205 3968 336 4043 putemne
351 3975 444 4032 saneti
461 3972 614 4052 Hippolyti,
634 3977 775 4046 rnonprts,
794 3974 832 4032 od
849 3974 1031 4034 Valeriorum
1046 3977 1221 4052 episcopan.-

417 4058 571 4108 Innumeros
588 4058 689 4113 urerer
706 4063 859 4108 euertuntur
876 4059 993 4109 matuta
1010 4059 1039 4110 ia
1056 4057 1121 4112 arbe

450 4126 571 4190 vidintur,
591 4143 607 4176 o
628 4124 733 4178 Obristo
755 4124 896 4184 Valeriane
914 4143 1001 4180 soem.

417 4193 518 4246 tracians
537 4194 645 4246 tantulis
663 4195 772 4260 titulos,
797 4203 826 4246 tu
844 4197 950 4261 stapulo
968 4196 1075 4264 quaeris

451 4263 568 4327 aomirta,
587 4261 697 4328 difficile
714 4271 753 4314 est
773 4270 803 4314 ut
822 4266 953 4332 replicare
971 4281 1071 4332 puram.

417 4329 539 4380 Plurima
558 4331 684 4382 litterulis
700 4333 809 4397 siponto
826 4333 952 4400 sepulcra
967 4333 1118 4402 locuuntur,
1205 4349 1207 4354 ·

451 4400 581 4462 martyrio
598 4402 646 4450 aut
662 4414 764 4464 namur,
786 4407 833 4453 nat
852 4403 1015 4470 epipranum
1034 4401 1152 4470 eliquari.

207 4461 334 4532 Exstant
357 4463 453 4531 adbuc
484 4466 575 4530 malta
598 4473 765 4550 sanctorum
789 4483 946 4553 martyram
976 4471 1124 4558 epitaphia
1150 4471 1310 4540 carmiube
1335 4471 1420 4547 laeta,
