<?xml version="1.0" encoding="UTF-8"?>
<!DOCTYPE html PUBLIC "-//W3C//DTD XHTML 1.0 Transitional//EN"
    "http://www.w3.org/TR/xhtml1/DTD/xhtml1-transitional.dtd">
<html xmlns="http://www.w3.org/1999/xhtml" xml:lang="en" lang="en">
 <head>
  <title>
</title>
<meta http-equiv="Content-Type" content="text/html;charset=utf-8" />
  <meta name='ocr-system' content='tesseract 3.04.00' />
  <meta name='ocr-capabilities' content='ocr_page ocr_carea ocr_par ocr_line ocrx_word'/>
</head>
<body>
  <div class='ocr_page' id='page_1' title='image "./thesauruscommen00volbgoog_0095.png"; bbox 0 0 2944 4898; ppageno 0'>
   <div class='ocr_carea' id='block_1_1' title="bbox 107 153 990 298">
    <p class='ocr_par' dir='ltr' id='par_1_1' title="bbox 107 153 990 298">
     <span class='ocr_line' id='line_1_1' title="bbox 107 153 990 298; baseline 0 -13"><span class='ocrx_word' id='word_1_1' title='bbox 107 153 114 166; x_wconf 90' lang='lat'><strong>.</strong></span> <span class='ocrx_word' id='word_1_2' title='bbox 176 224 221 296; x_wconf 82' lang='lat' dir='ltr'><strong>se</strong></span> <span class='ocrx_word' id='word_1_3' title='bbox 574 202 698 290; x_wconf 75' lang='lat' dir='ltr'><strong>xxiiii.</strong></span> <span class='ocrx_word' id='word_1_4' title='bbox 738 214 821 288; x_wconf 76' lang='lat' dir='ltr'><strong>tit</strong></span> <span class='ocrx_word' id='word_1_5' title='bbox 838 215 990 298; x_wconf 65' lang='lat' dir='ltr'><strong>mount</strong></span> 
     </span>
    </p>
   </div>
   <div class='ocr_carea' id='block_1_2' title="bbox 171 389 1470 3816">
    <p class='ocr_par' dir='ltr' id='par_1_2' title="bbox 171 389 1470 3816">
     <span class='ocr_line' id='line_1_2' title="bbox 180 389 1404 480; baseline -0.007 -16"><span class='ocrx_word' id='word_1_6' title='bbox 180 409 224 464; x_wconf 86' lang='lat' dir='ltr'><strong>ten</strong></span> <span class='ocrx_word' id='word_1_7' title='bbox 240 401 277 462; x_wconf 85' lang='lat' dir='ltr'><strong>ud</strong></span> <span class='ocrx_word' id='word_1_8' title='bbox 293 397 386 480; x_wconf 81' lang='lat' dir='ltr'>ipsam</span> <span class='ocrx_word' id='word_1_9' title='bbox 403 393 602 480; x_wconf 81' lang='lat' dir='ltr'><strong>apostolorum</strong></span> <span class='ocrx_word' id='word_1_10' title='bbox 620 403 744 460; x_wconf 83' lang='lat' dir='ltr'><strong>aetatem</strong></span> <span class='ocrx_word' id='word_1_11' title='bbox 758 393 909 471; x_wconf 71' lang='lat' dir='ltr'><strong>notorum,</strong></span> <span class='ocrx_word' id='word_1_12' title='bbox 932 401 1021 474; x_wconf 75' lang='lat' dir='ltr'><strong>atqua</strong></span> <span class='ocrx_word' id='word_1_13' title='bbox 1044 393 1083 460; x_wconf 82' lang='lat' dir='ltr'><strong>m</strong></span> <span class='ocrx_word' id='word_1_14' title='bbox 1100 411 1200 460; x_wconf 79' lang='lat' dir='ltr'><strong>uorum</strong></span> <span class='ocrx_word' id='word_1_15' title='bbox 1217 389 1353 472; x_wconf 73' lang='lat' dir='ltr'><strong>oncupio</strong></span> <span class='ocrx_word' id='word_1_16' title='bbox 1372 399 1404 470; x_wconf 79' lang='lat' dir='ltr'><strong>et</strong></span> 
     </span>
     <span class='ocr_line' id='line_1_3' title="bbox 179 477 1402 572; baseline -0.001 -26"><span class='ocrx_word' id='word_1_17' title='bbox 179 487 266 572; x_wconf 80' lang='lat' dir='ltr'><strong>praxi</strong></span> <span class='ocrx_word' id='word_1_18' title='bbox 283 488 360 569; x_wconf 76' lang='lat' dir='ltr'><strong>(Aul.</strong></span> <span class='ocrx_word' id='word_1_19' title='bbox 376 480 407 562; x_wconf 82' lang='lat'><strong>8,</strong></span> <span class='ocrx_word' id='word_1_20' title='bbox 427 485 486 562; x_wconf 72' lang='lat'><strong>173</strong></span> <span class='ocrx_word' id='word_1_21' title='bbox 504 479 556 562; x_wconf 83' lang='lat'><strong>19,</strong></span> <span class='ocrx_word' id='word_1_22' title='bbox 575 485 613 562; x_wconf 68' lang='grc' dir='ltr'><strong>ὃς</strong></span> <span class='ocrx_word' id='word_1_23' title='bbox 631 482 685 546; x_wconf 81' lang='lat' dir='ltr'><strong>cfr.</strong></span> <span class='ocrx_word' id='word_1_24' title='bbox 700 481 792 548; x_wconf 78' lang='lat' dir='ltr'><strong>Hebr.</strong></span> <span class='ocrx_word' id='word_1_25' title='bbox 809 480 838 560; x_wconf 79' lang='grc'><strong>6,</strong></span> <span class='ocrx_word' id='word_1_26' title='bbox 856 482 902 562; x_wconf 74' lang='lat'><strong>2.)</strong></span> <span class='ocrx_word' id='word_1_27' title='bbox 922 483 1069 547; x_wconf 70' lang='lat' dir='ltr'><strong>deducunt</strong></span> <span class='ocrx_word' id='word_1_28' title='bbox 1084 477 1253 550; x_wconf 60' lang='lat' dir='ltr'><strong>seculorum</strong></span> <span class='ocrx_word' id='word_1_29' title='bbox 1272 478 1402 562; x_wconf 74' lang='lat' dir='ltr'><strong>sequiu-</strong></span> 
     </span>
     <span class='ocr_line' id='line_1_4' title="bbox 177 567 1403 655; baseline -0.004 -17"><span class='ocrx_word' id='word_1_30' title='bbox 177 597 244 641; x_wconf 88' lang='lat' dir='ltr'><strong>ruur</strong></span> <span class='ocrx_word' id='word_1_31' title='bbox 270 573 429 655; x_wconf 75' lang='lat' dir='ltr'><strong>scriptores</strong></span> <span class='ocrx_word' id='word_1_32' title='bbox 453 572 576 654; x_wconf 86' lang='lat' dir='ltr'><strong>ejusque</strong></span> <span class='ocrx_word' id='word_1_33' title='bbox 599 567 780 652; x_wconf 88' lang='lat' dir='ltr'><strong>apostolicae</strong></span> <span class='ocrx_word' id='word_1_34' title='bbox 804 589 931 652; x_wconf 84' lang='lat' dir='ltr'><strong>praxeos</strong></span> <span class='ocrx_word' id='word_1_35' title='bbox 947 567 1119 636; x_wconf 83' lang='lat' dir='ltr'><strong>auctoritate</strong></span> <span class='ocrx_word' id='word_1_36' title='bbox 1139 570 1176 630; x_wconf 87' lang='lat' dir='ltr'><strong>ud</strong></span> <span class='ocrx_word' id='word_1_37' title='bbox 1193 568 1223 632; x_wconf 87' lang='lat' dir='ltr'><strong>id</strong></span> <span class='ocrx_word' id='word_1_38' title='bbox 1238 569 1403 634; x_wconf 79' lang='lat' dir='ltr'><strong>adductum</strong></span> 
     </span>
     <span class='ocr_line' id='line_1_5' title="bbox 177 659 1403 740; baseline -0.006 -14"><span class='ocrx_word' id='word_1_39' title='bbox 177 663 291 740; x_wconf 83' lang='lat' dir='ltr'><strong>fuisse,</strong></span> <span class='ocrx_word' id='word_1_40' title='bbox 316 671 363 722; x_wconf 83' lang='lat' dir='ltr'><strong>sat</strong></span> <span class='ocrx_word' id='word_1_41' title='bbox 386 659 577 740; x_wconf 79' lang='lat' dir='ltr'><strong>probabiliter</strong></span> <span class='ocrx_word' id='word_1_42' title='bbox 593 677 792 738; x_wconf 79' lang='lat' dir='ltr'><strong>auguramur,</strong></span> <span class='ocrx_word' id='word_1_43' title='bbox 815 664 1041 722; x_wconf 72' lang='lat' dir='ltr'><strong>commilititonum</strong></span> <span class='ocrx_word' id='word_1_44' title='bbox 1054 659 1273 738; x_wconf 77' lang='lat' dir='ltr'><strong>oposmttomun</strong></span> <span class='ocrx_word' id='word_1_45' title='bbox 1288 667 1403 720; x_wconf 82' lang='lat' dir='ltr'><strong>aucto-</strong></span> 
     </span>
     <span class='ocr_line' id='line_1_6' title="bbox 178 743 1470 829; baseline -0.005 -17"><span class='ocrx_word' id='word_1_46' title='bbox 178 773 250 829; x_wconf 84' lang='lat' dir='ltr'><strong>rem,</strong></span> <span class='ocrx_word' id='word_1_47' title='bbox 267 759 299 812; x_wconf 91' lang='lat' dir='ltr'><strong>nt</strong></span> <span class='ocrx_word' id='word_1_48' title='bbox 316 751 352 814; x_wconf 90' lang='lat' dir='ltr'><strong>de</strong></span> <span class='ocrx_word' id='word_1_49' title='bbox 370 745 569 829; x_wconf 67' lang='lat' dir='ltr'><strong>perpetientur</strong></span> <span class='ocrx_word' id='word_1_50' title='bbox 585 745 666 808; x_wconf 89' lang='lat' dir='ltr'><strong>illius</strong></span> <span class='ocrx_word' id='word_1_51' title='bbox 682 745 858 811; x_wconf 85' lang='lat' dir='ltr'><strong>necessitate</strong></span> <span class='ocrx_word' id='word_1_52' title='bbox 874 745 976 808; x_wconf 90' lang='lat' dir='ltr'><strong>durius</strong></span> <span class='ocrx_word' id='word_1_53' title='bbox 986 747 1078 827; x_wconf 85' lang='lat' dir='ltr'><strong>justo,</strong></span> <span class='ocrx_word' id='word_1_54' title='bbox 1094 752 1126 806; x_wconf 89' lang='lat' dir='ltr'><strong>ut</strong></span> <span class='ocrx_word' id='word_1_55' title='bbox 1141 743 1230 825; x_wconf 90' lang='lat' dir='ltr'><strong>paulo</strong></span> <span class='ocrx_word' id='word_1_56' title='bbox 1246 755 1315 808; x_wconf 86' lang='lat' dir='ltr'><strong>ante</strong></span> <span class='ocrx_word' id='word_1_57' title='bbox 1332 765 1402 808; x_wconf 79' lang='lat' dir='ltr'><strong>mc·</strong></span> <span class='ocrx_word' id='word_1_58' title='bbox 1469 821 1470 826; x_wconf 8' lang='grc' dir='ltr'>ἵ</span> 
     </span>
     <span class='ocr_line' id='line_1_7' title="bbox 178 832 1402 914; baseline -0.007 -9"><span class='ocrx_word' id='word_1_59' title='bbox 178 839 366 912; x_wconf 85' lang='lat' dir='ltr'><strong>morarimus,</strong></span> <span class='ocrx_word' id='word_1_60' title='bbox 394 834 500 898; x_wconf 87' lang='lat' dir='ltr'><strong>sentiat</strong></span> <span class='ocrx_word' id='word_1_61' title='bbox 524 843 661 914; x_wconf 87' lang='lat' dir='ltr'><strong>tantoque</strong></span> <span class='ocrx_word' id='word_1_62' title='bbox 690 835 810 897; x_wconf 85' lang='lat' dir='ltr'><strong>eandum</strong></span> <span class='ocrx_word' id='word_1_63' title='bbox 828 833 927 913; x_wconf 77' lang='lat' dir='ltr'><strong>rigore</strong></span> <span class='ocrx_word' id='word_1_64' title='bbox 951 832 1091 914; x_wconf 84' lang='lat' dir='ltr'><strong>requirat,</strong></span> <span class='ocrx_word' id='word_1_65' title='bbox 1113 833 1191 898; x_wconf 85' lang='lat' dir='ltr'><strong>utin</strong></span> <span class='ocrx_word' id='word_1_66' title='bbox 1208 833 1301 912; x_wconf 77' lang='lat' dir='ltr'><strong>ipsun</strong></span> <span class='ocrx_word' id='word_1_67' title='bbox 1320 833 1402 913; x_wconf 86' lang='lat' dir='ltr'><strong>bap-</strong></span> 
     </span>
     <span class='ocr_line' id='line_1_8' title="bbox 179 919 1402 1001; baseline -0.007 -11"><span class='ocrx_word' id='word_1_68' title='bbox 179 926 256 994; x_wconf 90' lang='lat' dir='ltr'><strong>tismi</strong></span> <span class='ocrx_word' id='word_1_69' title='bbox 274 922 436 990; x_wconf 78' lang='lat' dir='ltr'><strong>efficacium</strong></span> <span class='ocrx_word' id='word_1_70' title='bbox 459 921 548 1001; x_wconf 91' lang='lat' dir='ltr'><strong>inque</strong></span> <span class='ocrx_word' id='word_1_71' title='bbox 564 921 620 984; x_wconf 88' lang='lat' dir='ltr'><strong>iroo</strong></span> <span class='ocrx_word' id='word_1_72' title='bbox 638 920 776 985; x_wconf 89' lang='lat' dir='ltr'><strong>divinitus</strong></span> <span class='ocrx_word' id='word_1_73' title='bbox 792 923 890 984; x_wconf 88' lang='lat' dir='ltr'><strong>dolum</strong></span> <span class='ocrx_word' id='word_1_74' title='bbox 913 921 1027 1000; x_wconf 77' lang='lat' dir='ltr'><strong>gratiae</strong></span> <span class='ocrx_word' id='word_1_75' title='bbox 1045 919 1182 984; x_wconf 87' lang='lat' dir='ltr'><strong>coelestis</strong></span> <span class='ocrx_word' id='word_1_76' title='bbox 1200 941 1334 1000; x_wconf 77' lang='lat' dir='ltr'><strong>urpanon</strong></span> <span class='ocrx_word' id='word_1_77' title='bbox 1350 932 1402 982; x_wconf 87' lang='lat' dir='ltr'><strong>tu-</strong></span> 
     </span>
     <span class='ocr_line' id='line_1_9' title="bbox 178 1008 1402 1090; baseline -0.006 -12"><span class='ocrx_word' id='word_1_78' title='bbox 178 1013 324 1078; x_wconf 86' lang='lat' dir='ltr'><strong>merarius</strong></span> <span class='ocrx_word' id='word_1_79' title='bbox 341 1030 412 1075; x_wconf 86' lang='lat' dir='ltr'><strong>saue</strong></span> <span class='ocrx_word' id='word_1_80' title='bbox 436 1018 464 1070; x_wconf 90' lang='lat' dir='ltr'><strong>et</strong></span> <span class='ocrx_word' id='word_1_81' title='bbox 487 1008 574 1089; x_wconf 90' lang='lat' dir='ltr'><strong>plane</strong></span> <span class='ocrx_word' id='word_1_82' title='bbox 590 1009 717 1090; x_wconf 87' lang='lat' dir='ltr'><strong>injurius</strong></span> <span class='ocrx_word' id='word_1_83' title='bbox 743 1009 844 1072; x_wconf 88' lang='lat' dir='ltr'><strong>merito</strong></span> <span class='ocrx_word' id='word_1_84' title='bbox 868 1009 985 1087; x_wconf 88' lang='lat' dir='ltr'><strong>audiat,</strong></span> <span class='ocrx_word' id='word_1_85' title='bbox 1008 1008 1066 1072; x_wconf 86' lang='lat' dir='ltr'><strong>nisi</strong></span> <span class='ocrx_word' id='word_1_86' title='bbox 1091 1028 1206 1089; x_wconf 87' lang='lat' dir='ltr'><strong>aequus</strong></span> <span class='ocrx_word' id='word_1_87' title='bbox 1227 1008 1402 1088; x_wconf 72' lang='lat' dir='ltr'><strong>interpretis</strong></span> 
     </span>
     <span class='ocr_line' id='line_1_10' title="bbox 178 1095 1403 1178; baseline -0.003 -14"><span class='ocrx_word' id='word_1_88' title='bbox 178 1102 296 1166; x_wconf 88' lang='lat' dir='ltr'><strong>animus</strong></span> <span class='ocrx_word' id='word_1_89' title='bbox 314 1120 350 1160; x_wconf 88' lang='lat' dir='ltr'><strong>ex</strong></span> <span class='ocrx_word' id='word_1_90' title='bbox 367 1098 458 1160; x_wconf 88' lang='lat' dir='ltr'><strong>altero</strong></span> <span class='ocrx_word' id='word_1_91' title='bbox 474 1095 559 1173; x_wconf 87' lang='lat' dir='ltr'><strong>loco,</strong></span> <span class='ocrx_word' id='word_1_92' title='bbox 585 1097 634 1158; x_wconf 92' lang='lat' dir='ltr'><strong>nbi</strong></span> <span class='ocrx_word' id='word_1_93' title='bbox 659 1096 822 1158; x_wconf 86' lang='lat' dir='ltr'><strong>contrariae</strong></span> <span class='ocrx_word' id='word_1_94' title='bbox 847 1097 935 1176; x_wconf 88' lang='lat' dir='ltr'><strong>plane</strong></span> <span class='ocrx_word' id='word_1_95' title='bbox 960 1108 988 1162; x_wconf 89' lang='lat' dir='ltr'><strong>ot</strong></span> <span class='ocrx_word' id='word_1_96' title='bbox 1011 1096 1160 1178; x_wconf 80' lang='lat' dir='ltr'><strong>aequioris</strong></span> <span class='ocrx_word' id='word_1_97' title='bbox 1178 1095 1281 1170; x_wconf 82' lang='lat' dir='ltr'><strong>urentis</strong></span> <span class='ocrx_word' id='word_1_98' title='bbox 1297 1096 1403 1160; x_wconf 82' lang='lat' dir='ltr'><strong>inisse</strong></span> 
     </span>
     <span class='ocr_line' id='line_1_11' title="bbox 180 1183 1401 1268; baseline -0.007 -19"><span class='ocrx_word' id='word_1_99' title='bbox 180 1188 296 1268; x_wconf 76' lang='lat' dir='ltr'><strong>sibique</strong></span> <span class='ocrx_word' id='word_1_100' title='bbox 314 1185 419 1248; x_wconf 89' lang='lat' dir='ltr'><strong>melius</strong></span> <span class='ocrx_word' id='word_1_101' title='bbox 436 1185 603 1246; x_wconf 81' lang='lat' dir='ltr'><strong>constitisse</strong></span> <span class='ocrx_word' id='word_1_102' title='bbox 620 1183 751 1260; x_wconf 85' lang='lat' dir='ltr'><strong>videtur,</strong></span> <span class='ocrx_word' id='word_1_103' title='bbox 776 1183 1003 1250; x_wconf 86' lang='lat' dir='ltr'><strong>confirmationis</strong></span> <span class='ocrx_word' id='word_1_104' title='bbox 1019 1183 1099 1249; x_wconf 86' lang='lat' dir='ltr'><strong>ritns&#39;</strong></span> <span class='ocrx_word' id='word_1_105' title='bbox 1111 1205 1170 1246; x_wconf 91' lang='lat' dir='ltr'><strong>nau</strong></span> <span class='ocrx_word' id='word_1_106' title='bbox 1193 1204 1287 1265; x_wconf 84' lang='lat' dir='ltr'><strong>aeque</strong></span> <span class='ocrx_word' id='word_1_107' title='bbox 1301 1187 1401 1249; x_wconf 55' lang='lat' dir='ltr'><strong>absos</strong></span> 
     </span>
     <span class='ocr_line' id='line_1_12' title="bbox 178 1264 1401 1354; baseline -0.002 -16"><span class='ocrx_word' id='word_1_108' title='bbox 178 1264 240 1338; x_wconf 81' lang='lat' dir='ltr'><strong>lule</strong></span> <span class='ocrx_word' id='word_1_109' title='bbox 257 1272 453 1352; x_wconf 87' lang='lat' dir='ltr'><strong>necessarios,</strong></span> <span class='ocrx_word' id='word_1_110' title='bbox 477 1292 513 1334; x_wconf 92' lang='lat' dir='ltr'><strong>ac</strong></span> <span class='ocrx_word' id='word_1_111' title='bbox 528 1272 626 1353; x_wconf 91' lang='lat' dir='ltr'><strong>ipsum</strong></span> <span class='ocrx_word' id='word_1_112' title='bbox 643 1271 803 1352; x_wconf 82' lang='lat' dir='ltr'><strong>baptisma,</strong></span> <span class='ocrx_word' id='word_1_113' title='bbox 827 1291 895 1336; x_wconf 85' lang='lat' dir='ltr'><strong>esso</strong></span> <span class='ocrx_word' id='word_1_114' title='bbox 911 1271 1123 1354; x_wconf 77' lang='lat' dir='ltr'><strong>indigitaas*),</strong></span> <span class='ocrx_word' id='word_1_115' title='bbox 1150 1271 1318 1337; x_wconf 83' lang='lat' dir='ltr'><strong>durioribus</strong></span> <span class='ocrx_word' id='word_1_116' title='bbox 1336 1271 1401 1345; x_wconf 86' lang='lat' dir='ltr'><strong>illis</strong></span> 
     </span>
     <span class='ocr_line' id='line_1_13' title="bbox 180 1357 1398 1442; baseline -0.002 -16"><span class='ocrx_word' id='word_1_117' title='bbox 180 1363 276 1429; x_wconf 81' lang='lat' dir='ltr'><strong>effatis</strong></span> <span class='ocrx_word' id='word_1_118' title='bbox 292 1361 434 1426; x_wconf 80' lang='lat' dir='ltr'><strong>mitiorem</strong></span> <span class='ocrx_word' id='word_1_119' title='bbox 451 1380 571 1422; x_wconf 90' lang='lat' dir='ltr'><strong>sonsum</strong></span> <span class='ocrx_word' id='word_1_120' title='bbox 588 1360 706 1423; x_wconf 86' lang='lat' dir='ltr'><strong>adferre</strong></span> <span class='ocrx_word' id='word_1_121' title='bbox 723 1380 816 1442; x_wconf 86' lang='lat' dir='ltr'><strong>eaque</strong></span> <span class='ocrx_word' id='word_1_122' title='bbox 835 1357 967 1425; x_wconf 79' lang='lat' dir='ltr'><strong>emollire</strong></span> <span class='ocrx_word' id='word_1_123' title='bbox 983 1360 1061 1424; x_wconf 86' lang='lat' dir='ltr'><strong>velit.</strong></span> <span class='ocrx_word' id='word_1_124' title='bbox 1099 1359 1166 1439; x_wconf 85' lang='lat' dir='ltr'><strong>ipsu</strong></span> <span class='ocrx_word' id='word_1_125' title='bbox 1183 1380 1252 1424; x_wconf 78' lang='lat' dir='ltr'><strong>reru</strong></span> <span class='ocrx_word' id='word_1_126' title='bbox 1269 1357 1398 1424; x_wconf 81' lang='lat' dir='ltr'><strong>Tertul-</strong></span> 
     </span>
     <span class='ocr_line' id='line_1_14' title="bbox 178 1444 1470 1536; baseline -0.002 -23"><span class='ocrx_word' id='word_1_127' title='bbox 178 1451 279 1516; x_wconf 87' lang='lat' dir='ltr'><strong>liuuus</strong></span> <span class='ocrx_word' id='word_1_128' title='bbox 297 1471 355 1510; x_wconf 16' lang='lat' dir='ltr'><strong>naon</strong></span> <span class='ocrx_word' id='word_1_129' title='bbox 374 1451 499 1512; x_wconf 83' lang='lat' dir='ltr'><strong>obscure</strong></span> <span class='ocrx_word' id='word_1_130' title='bbox 514 1448 624 1528; x_wconf 88' lang='lat' dir='ltr'><strong>innuit,</strong></span> <span class='ocrx_word' id='word_1_131' title='bbox 651 1469 714 1510; x_wconf 87' lang='lat' dir='ltr'><strong>earn</strong></span> <span class='ocrx_word' id='word_1_132' title='bbox 731 1456 790 1510; x_wconf 89' lang='lat' dir='ltr'><strong>turn</strong></span> <span class='ocrx_word' id='word_1_133' title='bbox 807 1447 944 1529; x_wconf 88' lang='lat' dir='ltr'><strong>temporis</strong></span> <span class='ocrx_word' id='word_1_134' title='bbox 960 1447 989 1510; x_wconf 89' lang='lat' dir='ltr'><strong>in</strong></span> <span class='ocrx_word' id='word_1_135' title='bbox 1007 1444 1138 1510; x_wconf 86' lang='lat' dir='ltr'><strong>ecelesia</strong></span> <span class='ocrx_word' id='word_1_136' title='bbox 1153 1459 1295 1530; x_wconf 81' lang='lat' dir='ltr'><strong>receptam</strong></span> <span class='ocrx_word' id='word_1_137' title='bbox 1311 1447 1396 1513; x_wconf 80' lang='lat' dir='ltr'><strong>exti—</strong></span> <span class='ocrx_word' id='word_1_138' title='bbox 1469 1469 1470 1536; x_wconf 63' lang='lat' dir='ltr'><strong>l</strong></span> 
     </span>
     <span class='ocr_line' id='line_1_15' title="bbox 179 1533 1470 1618; baseline -0.003 -16"><span class='ocrx_word' id='word_1_139' title='bbox 179 1539 253 1604; x_wconf 84' lang='lat' dir='ltr'><strong>iisse</strong></span> <span class='ocrx_word' id='word_1_140' title='bbox 270 1557 306 1604; x_wconf 87' lang='lat' dir='ltr'><strong>au</strong></span> <span class='ocrx_word' id='word_1_141' title='bbox 322 1537 458 1618; x_wconf 77' lang='lat' dir='ltr'><strong>viguisse</strong></span> <span class='ocrx_word' id='word_1_142' title='bbox 475 1537 665 1614; x_wconf 86' lang='lat' dir='ltr'><strong>senteutiam,</strong></span> <span class='ocrx_word' id='word_1_143' title='bbox 690 1536 831 1617; x_wconf 86' lang='lat' dir='ltr'><strong>Spiritum</strong></span> <span class='ocrx_word' id='word_1_144' title='bbox 847 1535 880 1601; x_wconf 89' lang='lat' dir='ltr'><strong>S.</strong></span> <span class='ocrx_word' id='word_1_145' title='bbox 896 1536 1026 1601; x_wconf 86' lang='lat' dir='ltr'><strong>adhibito</strong></span> <span class='ocrx_word' id='word_1_146' title='bbox 1041 1535 1090 1616; x_wconf 88' lang='lat' dir='ltr'><strong>pio</strong></span> <span class='ocrx_word' id='word_1_147' title='bbox 1112 1535 1172 1602; x_wconf 85' lang='lat' dir='ltr'><strong>ritu</strong></span> <span class='ocrx_word' id='word_1_148' title='bbox 1196 1533 1398 1617; x_wconf 66' lang='lat' dir='ltr'><strong>proponantur</strong></span> <span class='ocrx_word' id='word_1_149' title='bbox 1469 1537 1470 1560; x_wconf 73' lang='lat'>³</span> 
     </span>
     <span class='ocr_line' id='line_1_16' title="bbox 177 1623 1470 1705; baseline -0.005 -11"><span class='ocrx_word' id='word_1_150' title='bbox 177 1627 211 1694; x_wconf 87' lang='lat' dir='ltr'><strong>iu</strong></span> <span class='ocrx_word' id='word_1_151' title='bbox 236 1628 380 1702; x_wconf 84' lang='lat' dir='ltr'><strong>animam,</strong></span> <span class='ocrx_word' id='word_1_152' title='bbox 404 1636 490 1688; x_wconf 88' lang='lat' dir='ltr'><strong>autea</strong></span> <span class='ocrx_word' id='word_1_153' title='bbox 506 1635 621 1704; x_wconf 77' lang='lat' dir='ltr'><strong>gratum</strong></span> <span class='ocrx_word' id='word_1_154' title='bbox 647 1623 707 1704; x_wconf 87' lang='lat' dir='ltr'><strong>ipsi</strong></span> <span class='ocrx_word' id='word_1_155' title='bbox 723 1624 754 1686; x_wconf 91' lang='lat' dir='ltr'><strong>in</strong></span> <span class='ocrx_word' id='word_1_156' title='bbox 771 1623 949 1689; x_wconf 78' lang='lat' dir='ltr'><strong>domicilium</strong></span> <span class='ocrx_word' id='word_1_157' title='bbox 975 1633 1175 1705; x_wconf 77' lang='lat' dir='ltr'><strong>praeparatam</strong></span> <span class='ocrx_word' id='word_1_158' title='bbox 1200 1632 1229 1686; x_wconf 88' lang='lat' dir='ltr'><strong>et</strong></span> <span class='ocrx_word' id='word_1_159' title='bbox 1252 1632 1400 1704; x_wconf 82' lang='lat' dir='ltr'><strong>oonpnrn</strong></span> <span class='ocrx_word' id='word_1_160' title='bbox 1469 1633 1470 1674; x_wconf 81' lang='lat' dir='ltr'><strong>l</strong></span> 
     </span>
     <span class='ocr_line' id='line_1_17' title="bbox 180 1711 1399 1796; baseline 0.001 -20"><span class='ocrx_word' id='word_1_161' title='bbox 180 1713 302 1796; x_wconf 79' lang='lat' dir='ltr'><strong>eiusque</strong></span> <span class='ocrx_word' id='word_1_162' title='bbox 317 1713 503 1794; x_wconf 85' lang='lat' dir='ltr'><strong>recipiendae</strong></span> <span class='ocrx_word' id='word_1_163' title='bbox 520 1713 705 1794; x_wconf 89' lang='lat' dir='ltr'><strong>praesentiae</strong></span> <span class='ocrx_word' id='word_1_164' title='bbox 721 1711 906 1793; x_wconf 87' lang='lat' dir='ltr'><strong>hospitioque</strong></span> <span class='ocrx_word' id='word_1_165' title='bbox 923 1711 978 1775; x_wconf 85' lang='lat' dir='ltr'><strong>rito</strong></span> <span class='ocrx_word' id='word_1_166' title='bbox 995 1723 1121 1794; x_wconf 84' lang='lat' dir='ltr'><strong>optutum</strong></span> <span class='ocrx_word' id='word_1_167' title='bbox 1139 1718 1168 1774; x_wconf 91' lang='lat' dir='ltr'><strong>et</strong></span> <span class='ocrx_word' id='word_1_168' title='bbox 1186 1713 1399 1778; x_wconf 72' lang='lat' dir='ltr'><strong>accommodu-</strong></span> 
     </span>
     <span class='ocr_line' id='line_1_18' title="bbox 179 1795 1402 1881; baseline -0.005 -13"><span class='ocrx_word' id='word_1_169' title='bbox 179 1812 248 1881; x_wconf 80' lang='lat' dir='ltr'><strong>ttm,</strong></span> <span class='ocrx_word' id='word_1_170' title='bbox 267 1823 332 1864; x_wconf 89' lang='lat' dir='ltr'><strong>eum</strong></span> <span class='ocrx_word' id='word_1_171' title='bbox 348 1801 462 1881; x_wconf 80' lang='lat' dir='ltr'><strong>gratiae</strong></span> <span class='ocrx_word' id='word_1_172' title='bbox 478 1821 551 1862; x_wconf 90' lang='lat' dir='ltr'><strong>snae</strong></span> <span class='ocrx_word' id='word_1_173' title='bbox 568 1800 717 1864; x_wconf 84' lang='lat' dir='ltr'><strong>thesauris</strong></span> <span class='ocrx_word' id='word_1_174' title='bbox 733 1803 891 1865; x_wconf 83' lang='lat' dir='ltr'><strong>aduentare</strong></span> <span class='ocrx_word' id='word_1_175' title='bbox 906 1821 942 1864; x_wconf 84' lang='lat' dir='ltr'><strong>ao</strong></span> <span class='ocrx_word' id='word_1_176' title='bbox 960 1802 1137 1864; x_wconf 83' lang='lat' dir='ltr'><strong>descendere</strong></span> <span class='ocrx_word' id='word_1_177' title='bbox 1153 1795 1260 1864; x_wconf 85' lang='lat' dir='ltr'><strong>solere.</strong></span> <span class='ocrx_word' id='word_1_178' title='bbox 1299 1799 1402 1880; x_wconf 71' lang='lat' dir='ltr'><strong>Atque</strong></span> 
     </span>
     <span class='ocr_line' id='line_1_19' title="bbox 177 1887 1403 1971; baseline 0.002 -21"><span class='ocrx_word' id='word_1_179' title='bbox 177 1891 247 1958; x_wconf 84' lang='lat' dir='ltr'><strong>inde</strong></span> <span class='ocrx_word' id='word_1_180' title='bbox 262 1889 416 1968; x_wconf 86' lang='lat' dir='ltr'><strong>habemus,</strong></span> <span class='ocrx_word' id='word_1_181' title='bbox 433 1909 542 1971; x_wconf 30' lang='lat' dir='ltr'><strong>extquo</strong></span> <span class='ocrx_word' id='word_1_182' title='bbox 558 1887 728 1951; x_wconf 76' lang='lat' dir='ltr'><strong>imitationis</strong></span> <span class='ocrx_word' id='word_1_183' title='bbox 745 1907 873 1967; x_wconf 83' lang='lat' dir='ltr'><strong>praxeos</strong></span> <span class='ocrx_word' id='word_1_184' title='bbox 890 1887 1073 1968; x_wconf 86' lang='lat' dir='ltr'><strong>apostolicae</strong></span> <span class='ocrx_word' id='word_1_185' title='bbox 1086 1887 1228 1953; x_wconf 84' lang='lat' dir='ltr'><strong>rationem</strong></span> <span class='ocrx_word' id='word_1_186' title='bbox 1245 1887 1403 1968; x_wconf 79' lang='lat' dir='ltr'><strong>ejusdem-</strong></span> 
     </span>
     <span class='ocr_line' id='line_1_20' title="bbox 180 1971 1403 2058; baseline -0.002 -18"><span class='ocrx_word' id='word_1_187' title='bbox 180 1999 237 2058; x_wconf 90' lang='lat' dir='ltr'><strong>que</strong></span> <span class='ocrx_word' id='word_1_188' title='bbox 254 1997 376 2055; x_wconf 89' lang='lat' dir='ltr'><strong>scopum</strong></span> <span class='ocrx_word' id='word_1_189' title='bbox 393 1973 534 2052; x_wconf 79' lang='lat' dir='ltr'><strong>colligere</strong></span> <span class='ocrx_word' id='word_1_190' title='bbox 549 1995 720 2054; x_wconf 78' lang='lat' dir='ltr'><strong>possumus,</strong></span> <span class='ocrx_word' id='word_1_191' title='bbox 739 1976 825 2056; x_wconf 86' lang='lat' dir='ltr'><strong>cujus</strong></span> <span class='ocrx_word' id='word_1_192' title='bbox 841 1986 869 2038; x_wconf 92' lang='lat' dir='ltr'><strong>ot</strong></span> <span class='ocrx_word' id='word_1_193' title='bbox 883 1973 951 2040; x_wconf 89' lang='lat' dir='ltr'><strong>loco</strong></span> <span class='ocrx_word' id='word_1_194' title='bbox 967 1997 1021 2040; x_wconf 88' lang='lat' dir='ltr'><strong>suu</strong></span> <span class='ocrx_word' id='word_1_195' title='bbox 1037 1975 1168 2046; x_wconf 78' lang='lat' dir='ltr'><strong>meminit</strong></span> <span class='ocrx_word' id='word_1_196' title='bbox 1178 1971 1403 2052; x_wconf 74' lang='lat' dir='ltr'><strong>Tertullianus,</strong></span> 
     </span>
     <span class='ocr_line' id='line_1_21' title="bbox 179 2061 1401 2146; baseline -0.001 -22"><span class='ocrx_word' id='word_1_197' title='bbox 179 2085 265 2146; x_wconf 89' lang='lat' dir='ltr'><strong>quum</strong></span> <span class='ocrx_word' id='word_1_198' title='bbox 283 2061 364 2124; x_wconf 87' lang='lat' dir='ltr'><strong>illam</strong></span> <span class='ocrx_word' id='word_1_199' title='bbox 383 2084 448 2124; x_wconf 88' lang='lat' dir='ltr'><strong>enm</strong></span> <span class='ocrx_word' id='word_1_200' title='bbox 464 2061 494 2121; x_wconf 94' lang='lat' dir='ltr'><strong>in</strong></span> <span class='ocrx_word' id='word_1_201' title='bbox 510 2061 606 2137; x_wconf 88' lang='lat' dir='ltr'><strong>finem,</strong></span> <span class='ocrx_word' id='word_1_202' title='bbox 634 2073 666 2123; x_wconf 92' lang='lat' dir='ltr'><strong>ut</strong></span> <span class='ocrx_word' id='word_1_203' title='bbox 682 2069 778 2124; x_wconf 85' lang='lat' dir='ltr'><strong>naimo</strong></span> <span class='ocrx_word' id='word_1_204' title='bbox 792 2071 894 2143; x_wconf 85' lang='lat' dir='ltr'><strong>spiritu</strong></span> <span class='ocrx_word' id='word_1_205' title='bbox 908 2066 1088 2142; x_wconf 80' lang='lat' dir='ltr'><strong>illuminetur,</strong></span> <span class='ocrx_word' id='word_1_206' title='bbox 1112 2063 1175 2124; x_wconf 85' lang='lat' dir='ltr'><strong>fieri</strong></span> <span class='ocrx_word' id='word_1_207' title='bbox 1191 2061 1240 2126; x_wconf 90' lang='lat' dir='ltr'><strong>aii.</strong></span> <span class='ocrx_word' id='word_1_208' title='bbox 1279 2063 1401 2144; x_wconf 77' lang='lat' dir='ltr'><strong>Adjun-</strong></span> 
     </span>
     <span class='ocr_line' id='line_1_22' title="bbox 178 2148 1400 2232; baseline -0.002 -20"><span class='ocrx_word' id='word_1_209' title='bbox 178 2153 326 2230; x_wconf 82' lang='lat' dir='ltr'><strong>gebantur</strong></span> <span class='ocrx_word' id='word_1_210' title='bbox 343 2171 428 2228; x_wconf 92' lang='lat' dir='ltr'><strong>porro</strong></span> <span class='ocrx_word' id='word_1_211' title='bbox 445 2169 583 2210; x_wconf 88' lang='lat' dir='ltr'><strong>manuum</strong></span> <span class='ocrx_word' id='word_1_212' title='bbox 600 2148 779 2231; x_wconf 87' lang='lat' dir='ltr'><strong>impositioni</strong></span> <span class='ocrx_word' id='word_1_213' title='bbox 794 2173 896 2231; x_wconf 82' lang='lat' dir='ltr'><strong>preses,</strong></span> <span class='ocrx_word' id='word_1_214' title='bbox 922 2171 997 2231; x_wconf 89' lang='lat' dir='ltr'><strong>quae</strong></span> <span class='ocrx_word' id='word_1_215' title='bbox 1013 2153 1049 2212; x_wconf 90' lang='lat' dir='ltr'><strong>ad</strong></span> <span class='ocrx_word' id='word_1_216' title='bbox 1066 2150 1279 2232; x_wconf 89' lang='lat' dir='ltr'><strong>implorandum</strong></span> <span class='ocrx_word' id='word_1_217' title='bbox 1295 2149 1400 2232; x_wconf 89' lang='lat' dir='ltr'><strong>Spiri-</strong></span> 
     </span>
     <span class='ocr_line' id='line_1_23' title="bbox 178 2235 1400 2320; baseline -0.001 -19"><span class='ocrx_word' id='word_1_218' title='bbox 178 2248 227 2301; x_wconf 85' lang='lat' dir='ltr'><strong>tus</strong></span> <span class='ocrx_word' id='word_1_219' title='bbox 244 2237 276 2300; x_wconf 84' lang='lat' dir='ltr'><strong>S.</strong></span> <span class='ocrx_word' id='word_1_220' title='bbox 292 2237 323 2298; x_wconf 91' lang='lat' dir='ltr'><strong>in</strong></span> <span class='ocrx_word' id='word_1_221' title='bbox 340 2237 483 2314; x_wconf 83' lang='lat' dir='ltr'><strong>fovendo,</strong></span> <span class='ocrx_word' id='word_1_222' title='bbox 509 2235 651 2298; x_wconf 89' lang='lat' dir='ltr'><strong>firmando</strong></span> <span class='ocrx_word' id='word_1_223' title='bbox 669 2249 697 2299; x_wconf 89' lang='lat' dir='ltr'><strong>et</strong></span> <span class='ocrx_word' id='word_1_224' title='bbox 713 2241 876 2317; x_wconf 77' lang='lat' dir='ltr'><strong>vegetando</strong></span> <span class='ocrx_word' id='word_1_225' title='bbox 891 2259 998 2300; x_wconf 87' lang='lat' dir='ltr'><strong>recens</strong></span> <span class='ocrx_word' id='word_1_226' title='bbox 1021 2239 1169 2320; x_wconf 80' lang='lat' dir='ltr'><strong>baptisato</strong></span> <span class='ocrx_word' id='word_1_227' title='bbox 1184 2237 1332 2302; x_wconf 72' lang='lat' dir='ltr'><strong>mnibono</strong></span> <span class='ocrx_word' id='word_1_228' title='bbox 1347 2239 1400 2320; x_wconf 85' lang='lat' dir='ltr'><strong>pio</strong></span> 
     </span>
     <span class='ocr_line' id='line_1_24' title="bbox 177 2323 1402 2409; baseline 0 -21"><span class='ocrx_word' id='word_1_229' title='bbox 177 2325 283 2388; x_wconf 90' lang='lat' dir='ltr'><strong>mentis</strong></span> <span class='ocrx_word' id='word_1_230' title='bbox 299 2328 404 2387; x_wconf 90' lang='lat' dir='ltr'><strong>ardore</strong></span> <span class='ocrx_word' id='word_1_231' title='bbox 421 2325 681 2402; x_wconf 76' lang='lat' dir='ltr'><strong>fundebantur**).</strong></span> <span class='ocrx_word' id='word_1_232' title='bbox 715 2327 762 2388; x_wconf 88' lang='lat' dir='ltr'><strong>Du</strong></span> <span class='ocrx_word' id='word_1_233' title='bbox 779 2346 879 2388; x_wconf 88' lang='lat' dir='ltr'><strong>earum</strong></span> <span class='ocrx_word' id='word_1_234' title='bbox 896 2327 1074 2390; x_wconf 87' lang='lat' dir='ltr'><strong>necessitate</strong></span> <span class='ocrx_word' id='word_1_235' title='bbox 1091 2323 1274 2409; x_wconf 83' lang='lat' dir='ltr'><strong>salutarique</strong></span> <span class='ocrx_word' id='word_1_236' title='bbox 1292 2325 1402 2388; x_wconf 78' lang='lat' dir='ltr'><strong>effica-</strong></span> 
     </span>
     <span class='ocr_line' id='line_1_25' title="bbox 179 2413 1400 2498; baseline 0 -22"><span class='ocrx_word' id='word_1_237' title='bbox 179 2415 225 2476; x_wconf 89' lang='lat' dir='ltr'><strong>cia</strong></span> <span class='ocrx_word' id='word_1_238' title='bbox 242 2413 459 2498; x_wconf 85' lang='lat' dir='ltr'><strong>persuasissimi</strong></span> <span class='ocrx_word' id='word_1_239' title='bbox 479 2421 576 2492; x_wconf 89' lang='lat' dir='ltr'><strong>erant,</strong></span> <span class='ocrx_word' id='word_1_240' title='bbox 602 2434 690 2494; x_wconf 90' lang='lat' dir='ltr'><strong>quum</strong></span> <span class='ocrx_word' id='word_1_241' title='bbox 708 2413 795 2478; x_wconf 90' lang='lat' dir='ltr'><strong>sicuti</strong></span> <span class='ocrx_word' id='word_1_242' title='bbox 811 2414 841 2477; x_wconf 91' lang='lat' dir='ltr'><strong>iu</strong></span> <span class='ocrx_word' id='word_1_243' title='bbox 859 2413 995 2477; x_wconf 89' lang='lat' dir='ltr'><strong>omnibus</strong></span> <span class='ocrx_word' id='word_1_244' title='bbox 1013 2414 1080 2484; x_wconf 90' lang='lat' dir='ltr'><strong>aliis</strong></span> <span class='ocrx_word' id='word_1_245' title='bbox 1097 2415 1186 2480; x_wconf 85' lang='lat' dir='ltr'><strong>rebus</strong></span> <span class='ocrx_word' id='word_1_246' title='bbox 1201 2415 1242 2478; x_wconf 90' lang='lat' dir='ltr'><strong>ita</strong></span> <span class='ocrx_word' id='word_1_247' title='bbox 1257 2435 1400 2498; x_wconf 88' lang='lat' dir='ltr'><strong>praeser-</strong></span> 
     </span>
     <span class='ocr_line' id='line_1_26' title="bbox 176 2501 1400 2583; baseline 0.001 -19"><span class='ocrx_word' id='word_1_248' title='bbox 176 2504 229 2564; x_wconf 87' lang='lat' dir='ltr'><strong>tim</strong></span> <span class='ocrx_word' id='word_1_249' title='bbox 244 2503 275 2564; x_wconf 93' lang='lat' dir='ltr'><strong>in</strong></span> <span class='ocrx_word' id='word_1_250' title='bbox 292 2505 383 2564; x_wconf 88' lang='lat' dir='ltr'><strong>arduo</strong></span> <span class='ocrx_word' id='word_1_251' title='bbox 397 2502 561 2582; x_wconf 87' lang='lat' dir='ltr'><strong>summique</strong></span> <span class='ocrx_word' id='word_1_252' title='bbox 573 2501 709 2565; x_wconf 86' lang='lat' dir='ltr'><strong>momenti</strong></span> <span class='ocrx_word' id='word_1_253' title='bbox 722 2501 943 2567; x_wconf 85' lang='lat' dir='ltr'><strong>illuminationis</strong></span> <span class='ocrx_word' id='word_1_254' title='bbox 960 2513 988 2566; x_wconf 89' lang='lat' dir='ltr'><strong>et</strong></span> <span class='ocrx_word' id='word_1_255' title='bbox 1003 2501 1247 2568; x_wconf 80' lang='lat' dir='ltr'><strong>sanctificationis</strong></span> <span class='ocrx_word' id='word_1_256' title='bbox 1263 2503 1400 2583; x_wconf 72' lang='lat' dir='ltr'><strong>negotiu,</strong></span> 
     </span>
     <span class='ocr_line' id='line_1_27' title="bbox 179 2577 1470 2672; baseline 0.005 -22"><span class='ocrx_word' id='word_1_257' title='bbox 179 2590 269 2652; x_wconf 82' lang='lat' dir='ltr'><strong>diuini</strong></span> <span class='ocrx_word' id='word_1_258' title='bbox 294 2589 373 2650; x_wconf 88' lang='lat' dir='ltr'><strong>illius</strong></span> <span class='ocrx_word' id='word_1_259' title='bbox 397 2591 435 2651; x_wconf 87' lang='lat' dir='ltr'><strong>ab</strong></span> <span class='ocrx_word' id='word_1_260' title='bbox 460 2590 566 2669; x_wconf 89' lang='lat' dir='ltr'><strong>optimo</strong></span> <span class='ocrx_word' id='word_1_261' title='bbox 591 2589 748 2652; x_wconf 84' lang='lat' dir='ltr'><strong>Servatorc</strong></span> <span class='ocrx_word' id='word_1_262' title='bbox 772 2589 828 2652; x_wconf 86' lang='lat' dir='ltr'><strong>sibi</strong></span> <span class='ocrx_word' id='word_1_263' title='bbox 854 2591 987 2670; x_wconf 86' lang='lat' dir='ltr'><strong>promissi</strong></span> <span class='ocrx_word' id='word_1_264' title='bbox 1019 2589 1205 2672; x_wconf 67' lang='lat' dir='ltr'><strong>opitulationis</strong></span> <span class='ocrx_word' id='word_1_265' title='bbox 1229 2591 1399 2656; x_wconf 71' lang='lat' dir='ltr'><strong>sumitis-u</strong></span> <span class='ocrx_word' id='word_1_266' title='bbox 1469 2577 1470 2614; x_wconf 39' lang='lat' dir='ltr'><strong>i</strong></span> 
     </span>
     <span class='ocr_line' id='line_1_28' title="bbox 176 2677 1399 2761; baseline 0.003 -23"><span class='ocrx_word' id='word_1_267' title='bbox 176 2678 376 2757; x_wconf 88' lang='lat' dir='ltr'><strong>maximopere</strong></span> <span class='ocrx_word' id='word_1_268' title='bbox 393 2679 557 2756; x_wconf 77' lang='lat' dir='ltr'><strong>rogandum</strong></span> <span class='ocrx_word' id='word_1_269' title='bbox 574 2678 745 2760; x_wconf 87' lang='lat' dir='ltr'><strong>ardentique</strong></span> <span class='ocrx_word' id='word_1_270' title='bbox 758 2677 822 2739; x_wconf 89' lang='lat' dir='ltr'><strong>zelo</strong></span> <span class='ocrx_word' id='word_1_271' title='bbox 840 2678 1060 2758; x_wconf 84' lang='lat' dir='ltr'><strong>efflagitandum</strong></span> <span class='ocrx_word' id='word_1_272' title='bbox 1073 2699 1138 2741; x_wconf 87' lang='lat' dir='ltr'><strong>esse</strong></span> <span class='ocrx_word' id='word_1_273' title='bbox 1155 2679 1235 2745; x_wconf 89' lang='lat' dir='ltr'><strong>clare</strong></span> <span class='ocrx_word' id='word_1_274' title='bbox 1251 2697 1399 2761; x_wconf 84' lang='lat' dir='ltr'><strong>perspec-</strong></span> 
     </span>
     <span class='ocr_line' id='line_1_29' title="bbox 177 2761 1400 2847; baseline 0.002 -20"><span class='ocrx_word' id='word_1_275' title='bbox 177 2775 237 2828; x_wconf 91' lang='lat' dir='ltr'><strong>tum</strong></span> <span class='ocrx_word' id='word_1_276' title='bbox 254 2761 407 2830; x_wconf 89' lang='lat' dir='ltr'><strong>haberent.</strong></span> <span class='ocrx_word' id='word_1_277' title='bbox 445 2763 559 2828; x_wconf 84' lang='lat' dir='ltr'><strong>Unicus</strong></span> <span class='ocrx_word' id='word_1_278' title='bbox 578 2785 649 2845; x_wconf 78' lang='lat' dir='ltr'><strong>ergo</strong></span> <span class='ocrx_word' id='word_1_279' title='bbox 669 2765 716 2828; x_wconf 91' lang='lat' dir='ltr'><strong>hic</strong></span> <span class='ocrx_word' id='word_1_280' title='bbox 734 2765 801 2846; x_wconf 89' lang='lat' dir='ltr'><strong>piae</strong></span> <span class='ocrx_word' id='word_1_281' title='bbox 820 2765 997 2846; x_wconf 86' lang='lat' dir='ltr'><strong>precationis</strong></span> <span class='ocrx_word' id='word_1_282' title='bbox 1023 2786 1132 2847; x_wconf 87' lang='lat' dir='ltr'><strong>scopus</strong></span> <span class='ocrx_word' id='word_1_283' title='bbox 1149 2775 1229 2846; x_wconf 79' lang='lat' dir='ltr'><strong>orat,</strong></span> <span class='ocrx_word' id='word_1_284' title='bbox 1251 2777 1283 2833; x_wconf 86' lang='lat' dir='ltr'><strong>ut</strong></span> <span class='ocrx_word' id='word_1_285' title='bbox 1299 2767 1400 2833; x_wconf 84' lang='lat' dir='ltr'><strong>omui-</strong></span> 
     </span>
     <span class='ocr_line' id='line_1_30' title="bbox 174 2852 1398 2936; baseline 0.007 -24"><span class='ocrx_word' id='word_1_286' title='bbox 174 2862 281 2934; x_wconf 86' lang='lat' dir='ltr'><strong>putens</strong></span> <span class='ocrx_word' id='word_1_287' title='bbox 303 2852 386 2914; x_wconf 89' lang='lat' dir='ltr'><strong>Deus</strong></span> <span class='ocrx_word' id='word_1_288' title='bbox 412 2861 440 2916; x_wconf 89' lang='lat' dir='ltr'><strong>et</strong></span> <span class='ocrx_word' id='word_1_289' title='bbox 464 2863 545 2933; x_wconf 88' lang='lat' dir='ltr'><strong>pater</strong></span> <span class='ocrx_word' id='word_1_290' title='bbox 560 2853 678 2916; x_wconf 88' lang='lat' dir='ltr'><strong>Domini</strong></span> <span class='ocrx_word' id='word_1_291' title='bbox 695 2855 768 2916; x_wconf 85' lang='lat' dir='ltr'><strong>lesu</strong></span> <span class='ocrx_word' id='word_1_292' title='bbox 785 2853 894 2916; x_wconf 82' lang='lat' dir='ltr'><strong>Christi</strong></span> <span class='ocrx_word' id='word_1_293' title='bbox 917 2875 1025 2916; x_wconf 85' lang='lat' dir='ltr'><strong>recens</strong></span> <span class='ocrx_word' id='word_1_294' title='bbox 1048 2854 1243 2935; x_wconf 76' lang='lat' dir='ltr'><strong>baptizatum,</strong></span> <span class='ocrx_word' id='word_1_295' title='bbox 1267 2876 1319 2936; x_wconf 81' lang='lat' dir='ltr'><strong>pne</strong></span> <span class='ocrx_word' id='word_1_296' title='bbox 1341 2854 1398 2921; x_wconf 71' lang='lat' dir='ltr'><strong>filii</strong></span> 
     </span>
     <span class='ocr_line' id='line_1_31' title="bbox 175 2939 1470 3024; baseline 0.003 -22"><span class='ocrx_word' id='word_1_297' title='bbox 175 2940 369 3003; x_wconf 86' lang='lat' dir='ltr'><strong>ministerium</strong></span> <span class='ocrx_word' id='word_1_298' title='bbox 394 2960 431 3001; x_wconf 88' lang='lat' dir='ltr'><strong>ex</strong></span> <span class='ocrx_word' id='word_1_299' title='bbox 453 2939 578 3003; x_wconf 86' lang='lat' dir='ltr'><strong>setaniui</strong></span> <span class='ocrx_word' id='word_1_300' title='bbox 601 2941 692 3020; x_wconf 83' lang='lat' dir='ltr'><strong>regni</strong></span> <span class='ocrx_word' id='word_1_301' title='bbox 711 2941 871 3019; x_wconf 73' lang='lat' dir='ltr'><strong>ergastulis</strong></span> <span class='ocrx_word' id='word_1_302' title='bbox 894 2940 1070 3004; x_wconf 83' lang='lat' dir='ltr'><strong>felicissirne</strong></span> <span class='ocrx_word' id='word_1_303' title='bbox 1093 2945 1245 3004; x_wconf 81' lang='lat' dir='ltr'><strong>reductum</strong></span> <span class='ocrx_word' id='word_1_304' title='bbox 1269 2941 1398 3023; x_wconf 81' lang='lat' dir='ltr'><strong>pacique</strong></span> <span class='ocrx_word' id='word_1_305' title='bbox 1469 2949 1470 3024; x_wconf 75' lang='lat' dir='ltr'><strong>l</strong></span> 
     </span>
     <span class='ocr_line' id='line_1_32' title="bbox 175 3027 1396 3112; baseline 0 -22"><span class='ocrx_word' id='word_1_306' title='bbox 175 3029 272 3110; x_wconf 89' lang='lat' dir='ltr'><strong>ipsius</strong></span> <span class='ocrx_word' id='word_1_307' title='bbox 289 3027 518 3106; x_wconf 85' lang='lat' dir='ltr'><strong>reconciliatum,</strong></span> <span class='ocrx_word' id='word_1_308' title='bbox 537 3029 665 3112; x_wconf 88' lang='lat' dir='ltr'><strong>Spiritus</strong></span> <span class='ocrx_word' id='word_1_309' title='bbox 684 3028 730 3090; x_wconf 87' lang='lat' dir='ltr'><strong>sui</strong></span> <span class='ocrx_word' id='word_1_310' title='bbox 748 3029 780 3090; x_wconf 88' lang='lat' dir='ltr'><strong>S..</strong></span> <span class='ocrx_word' id='word_1_311' title='bbox 797 3029 894 3108; x_wconf 83' lang='lat' dir='ltr'><strong>gratia</strong></span> <span class='ocrx_word' id='word_1_312' title='bbox 911 3029 1072 3110; x_wconf 87' lang='lat' dir='ltr'><strong>adimplere</strong></span> <span class='ocrx_word' id='word_1_313' title='bbox 1091 3041 1178 3112; x_wconf 91' lang='lat' dir='ltr'><strong>atque</strong></span> <span class='ocrx_word' id='word_1_314' title='bbox 1195 3029 1311 3094; x_wconf 83' lang='lat' dir='ltr'><strong>efficere</strong></span> <span class='ocrx_word' id='word_1_315' title='bbox 1326 3030 1396 3092; x_wconf 87' lang='lat' dir='ltr'><strong>vel·</strong></span> 
     </span>
     <span class='ocr_line' id='line_1_33' title="bbox 175 3113 1396 3198; baseline 0.003 -20"><span class='ocrx_word' id='word_1_316' title='bbox 175 3115 226 3194; x_wconf 88' lang='lat' dir='ltr'><strong>let,</strong></span> <span class='ocrx_word' id='word_1_317' title='bbox 250 3125 281 3182; x_wconf 89' lang='lat' dir='ltr'><strong>ut</strong></span> <span class='ocrx_word' id='word_1_318' title='bbox 298 3113 367 3191; x_wconf 82' lang='lat' dir='ltr'><strong>illis,</strong></span> <span class='ocrx_word' id='word_1_319' title='bbox 392 3117 511 3196; x_wconf 82' lang='lat' dir='ltr'><strong>quasin</strong></span> <span class='ocrx_word' id='word_1_320' title='bbox 529 3117 674 3198; x_wconf 86' lang='lat' dir='ltr'><strong>baptismo</strong></span> <span class='ocrx_word' id='word_1_321' title='bbox 691 3117 884 3196; x_wconf 84' lang='lat' dir='ltr'><strong>suscepisset,</strong></span> <span class='ocrx_word' id='word_1_322' title='bbox 907 3117 1039 3198; x_wconf 87' lang='lat' dir='ltr'><strong>partibus</strong></span> <span class='ocrx_word' id='word_1_323' title='bbox 1055 3117 1112 3185; x_wconf 83' lang='lat' dir='ltr'><strong>ite</strong></span> <span class='ocrx_word' id='word_1_324' title='bbox 1128 3128 1216 3195; x_wconf 86' lang='lat' dir='ltr'><strong>stare,</strong></span> <span class='ocrx_word' id='word_1_325' title='bbox 1240 3116 1344 3182; x_wconf 86' lang='lat' dir='ltr'><strong>iisdem</strong></span> <span class='ocrx_word' id='word_1_326' title='bbox 1361 3117 1396 3183; x_wconf 88' lang='lat' dir='ltr'><strong>in</strong></span> 
     </span>
     <span class='ocr_line' id='line_1_34' title="bbox 176 3201 1396 3284; baseline 0.002 -18"><span class='ocrx_word' id='word_1_327' title='bbox 176 3203 392 3284; x_wconf 86' lang='lat' dir='ltr'><strong>ampliationem</strong></span> <span class='ocrx_word' id='word_1_328' title='bbox 410 3213 438 3263; x_wconf 87' lang='lat' dir='ltr'><strong>et</strong></span> <span class='ocrx_word' id='word_1_329' title='bbox 454 3203 580 3281; x_wconf 77' lang='lat' dir='ltr'><strong>gloriam</strong></span> <span class='ocrx_word' id='word_1_330' title='bbox 602 3203 688 3282; x_wconf 79' lang='lat' dir='ltr'><strong>regn-i</strong></span> <span class='ocrx_word' id='word_1_331' title='bbox 707 3201 814 3264; x_wconf 86' lang='lat' dir='ltr'><strong>Christi</strong></span> <span class='ocrx_word' id='word_1_332' title='bbox 832 3214 859 3265; x_wconf 89' lang='lat' dir='ltr'><strong>et</strong></span> <span class='ocrx_word' id='word_1_333' title='bbox 875 3205 906 3264; x_wconf 93' lang='lat' dir='ltr'><strong>in</strong></span> <span class='ocrx_word' id='word_1_334' title='bbox 923 3203 1171 3268; x_wconf 76' lang='lat' dir='ltr'><strong>confirmationem</strong></span> <span class='ocrx_word' id='word_1_335' title='bbox 1188 3205 1276 3268; x_wconf 85' lang='lat' dir='ltr'><strong>totius</strong></span> <span class='ocrx_word' id='word_1_336' title='bbox 1291 3205 1396 3268; x_wconf 79' lang='lat' dir='ltr'><strong>eccle·</strong></span> 
     </span>
     <span class='ocr_line' id='line_1_35' title="bbox 175 3287 1393 3370; baseline 0.001 -17"><span class='ocrx_word' id='word_1_337' title='bbox 175 3291 238 3353; x_wconf 87' lang='lat' dir='ltr'><strong>siae</strong></span> <span class='ocrx_word' id='word_1_338' title='bbox 255 3297 375 3352; x_wconf 88' lang='lat' dir='ltr'><strong>strenue</strong></span> <span class='ocrx_word' id='word_1_339' title='bbox 391 3289 488 3368; x_wconf 75' lang='lat' dir='ltr'><strong>iungi,</strong></span> <span class='ocrx_word' id='word_1_340' title='bbox 504 3287 535 3348; x_wconf 90' lang='lat' dir='ltr'><strong>in</strong></span> <span class='ocrx_word' id='word_1_341' title='bbox 553 3291 706 3370; x_wconf 75' lang='lat' dir='ltr'><strong>egregium</strong></span> <span class='ocrx_word' id='word_1_342' title='bbox 723 3288 893 3352; x_wconf 86' lang='lat' dir='ltr'><strong>bellatorem</strong></span> <span class='ocrx_word' id='word_1_343' title='bbox 909 3293 982 3354; x_wconf 85' lang='lat' dir='ltr'><strong>Josn</strong></span> <span class='ocrx_word' id='word_1_344' title='bbox 1000 3293 1109 3355; x_wconf 77' lang='lat' dir='ltr'><strong>Christi</strong></span> <span class='ocrx_word' id='word_1_345' title='bbox 1129 3296 1252 3356; x_wconf 80' lang='lat' dir='ltr'><strong>eradere</strong></span> <span class='ocrx_word' id='word_1_346' title='bbox 1270 3313 1306 3355; x_wconf 84' lang='lat' dir='ltr'><strong>ae</strong></span> <span class='ocrx_word' id='word_1_347' title='bbox 1320 3304 1393 3356; x_wconf 85' lang='lat' dir='ltr'><strong>tan-</strong></span> 
     </span>
     <span class='ocr_line' id='line_1_36' title="bbox 175 3375 1394 3462; baseline 0.003 -22"><span class='ocrx_word' id='word_1_348' title='bbox 175 3380 241 3461; x_wconf 72' lang='lat' dir='ltr'><strong>dem</strong></span> <span class='ocrx_word' id='word_1_349' title='bbox 265 3375 392 3440; x_wconf 81' lang='lat' dir='ltr'><strong>victricis</strong></span> <span class='ocrx_word' id='word_1_350' title='bbox 412 3395 537 3440; x_wconf 88' lang='lat' dir='ltr'><strong>coronae</strong></span> <span class='ocrx_word' id='word_1_351' title='bbox 556 3388 750 3458; x_wconf 85' lang='lat' dir='ltr'><strong>aeternaeque</strong></span> <span class='ocrx_word' id='word_1_352' title='bbox 773 3378 878 3444; x_wconf 85' lang='lat' dir='ltr'><strong>salutis</strong></span> <span class='ocrx_word' id='word_1_353' title='bbox 893 3401 1011 3462; x_wconf 89' lang='lat' dir='ltr'><strong>compos</strong></span> <span class='ocrx_word' id='word_1_354' title='bbox 1028 3379 1093 3444; x_wconf 86' lang='lat' dir='ltr'><strong>fieri</strong></span> <span class='ocrx_word' id='word_1_355' title='bbox 1108 3391 1219 3462; x_wconf 88' lang='lat' dir='ltr'><strong>posset.</strong></span> <span class='ocrx_word' id='word_1_356' title='bbox 1259 3379 1394 3448; x_wconf 86' lang='lat' dir='ltr'><strong>Publicis</strong></span> 
     </span>
     <span class='ocr_line' id='line_1_37' title="bbox 173 3463 1394 3548; baseline 0.007 -23"><span class='ocrx_word' id='word_1_357' title='bbox 173 3463 259 3528; x_wconf 89' lang='lat' dir='ltr'><strong>hisee</strong></span> <span class='ocrx_word' id='word_1_358' title='bbox 284 3463 420 3544; x_wconf 90' lang='lat' dir='ltr'><strong>precibus</strong></span> <span class='ocrx_word' id='word_1_359' title='bbox 448 3463 570 3546; x_wconf 84' lang='lat' dir='ltr'><strong>quilibet</strong></span> <span class='ocrx_word' id='word_1_360' title='bbox 594 3486 631 3528; x_wconf 84' lang='lat' dir='ltr'><strong>ex</strong></span> <span class='ocrx_word' id='word_1_361' title='bbox 657 3465 855 3545; x_wconf 87' lang='lat' dir='ltr'><strong>praesentium</strong></span> <span class='ocrx_word' id='word_1_362' title='bbox 882 3479 1130 3548; x_wconf 76' lang='lat' dir='ltr'><strong>congregatorum</strong></span> <span class='ocrx_word' id='word_1_363' title='bbox 1153 3467 1284 3538; x_wconf 80' lang='lat' dir='ltr'><strong>fidelium</strong></span> <span class='ocrx_word' id='word_1_364' title='bbox 1305 3481 1394 3540; x_wconf 78' lang='lat' dir='ltr'><strong>coetu</strong></span> 
     </span>
     <span class='ocr_line' id='line_1_38' title="bbox 171 3550 1470 3640; baseline 0.006 -29"><span class='ocrx_word' id='word_1_365' title='bbox 171 3550 397 3631; x_wconf 85' lang='lat' dir='ltr'><strong>implorationes</strong></span> <span class='ocrx_word' id='word_1_366' title='bbox 414 3558 444 3614; x_wconf 88' lang='lat' dir='ltr'><strong>et</strong></span> <span class='ocrx_word' id='word_1_367' title='bbox 459 3573 512 3633; x_wconf 91' lang='lat' dir='ltr'><strong>pro</strong></span> <span class='ocrx_word' id='word_1_368' title='bbox 529 3573 564 3614; x_wconf 87' lang='lat' dir='ltr'><strong>se</strong></span> <span class='ocrx_word' id='word_1_369' title='bbox 578 3551 642 3632; x_wconf 88' lang='lat' dir='ltr'><strong>ipso</strong></span> <span class='ocrx_word' id='word_1_370' title='bbox 660 3553 854 3636; x_wconf 84' lang='lat' dir='ltr'><strong>propriaeque</strong></span> <span class='ocrx_word' id='word_1_371' title='bbox 878 3556 921 3617; x_wconf 86' lang='lat' dir='ltr'><strong>rei</strong></span> <span class='ocrx_word' id='word_1_372' title='bbox 944 3574 1037 3618; x_wconf 70' lang='lat' dir='ltr'><strong>musa</strong></span> <span class='ocrx_word' id='word_1_373' title='bbox 1053 3567 1081 3618; x_wconf 87' lang='lat' dir='ltr'><strong>et</strong></span> <span class='ocrx_word' id='word_1_374' title='bbox 1096 3579 1149 3637; x_wconf 82' lang='lat' dir='ltr'><strong>pro</strong></span> <span class='ocrx_word' id='word_1_375' title='bbox 1166 3557 1287 3640; x_wconf 75' lang='lat' dir='ltr'><strong>publica</strong></span> <span class='ocrx_word' id='word_1_376' title='bbox 1301 3556 1394 3619; x_wconf 67' lang='lat' dir='ltr'><strong>tubus</strong></span> <span class='ocrx_word' id='word_1_377' title='bbox 1469 3567 1470 3636; x_wconf 76' lang='lat' dir='ltr'><strong>l</strong></span> 
     </span>
     <span class='ocr_line' id='line_1_39' title="bbox 176 3637 1470 3730; baseline 0.004 -30"><span class='ocrx_word' id='word_1_378' title='bbox 176 3637 322 3702; x_wconf 88' lang='lat' dir='ltr'><strong>ecclesiae</strong></span> <span class='ocrx_word' id='word_1_379' title='bbox 340 3639 584 3722; x_wconf 80' lang='lat' dir='ltr'><strong>singulorumque</strong></span> <span class='ocrx_word' id='word_1_380' title='bbox 602 3641 665 3722; x_wconf 89' lang='lat' dir='ltr'><strong>ejus</strong></span> <span class='ocrx_word' id='word_1_381' title='bbox 683 3642 1072 3706; x_wconf 71' lang='lat' dir='ltr'><strong>menbrorum-necessitate</strong></span> <span class='ocrx_word' id='word_1_382' title='bbox 1093 3645 1222 3730; x_wconf 78' lang='lat' dir='ltr'><strong>jungere</strong></span> <span class='ocrx_word' id='word_1_383' title='bbox 1237 3651 1325 3725; x_wconf 84' lang='lat' dir='ltr'><strong>atque</strong></span> <span class='ocrx_word' id='word_1_384' title='bbox 1341 3645 1392 3705; x_wconf 87' lang='lat' dir='ltr'><strong>in-</strong></span> <span class='ocrx_word' id='word_1_385' title='bbox 1469 3653 1470 3720; x_wconf 67' lang='lat' dir='ltr'>f</span> 
     </span>
     <span class='ocr_line' id='line_1_40' title="bbox 173 3727 1392 3816; baseline 0.006 -26"><span class='ocrx_word' id='word_1_386' title='bbox 173 3746 275 3792; x_wconf 83' lang='lat' dir='ltr'><strong>serere</strong></span> <span class='ocrx_word' id='word_1_387' title='bbox 292 3727 397 3792; x_wconf 86' lang='lat' dir='ltr'><strong>solitus</strong></span> <span class='ocrx_word' id='word_1_388' title='bbox 415 3727 556 3810; x_wconf 42' lang='lat' dir='ltr'><strong>erat***),.</strong></span> <span class='ocrx_word' id='word_1_389' title='bbox 594 3729 679 3808; x_wconf 79' lang='lat' dir='ltr'><strong>Quod</strong></span> <span class='ocrx_word' id='word_1_390' title='bbox 696 3731 733 3795; x_wconf 87' lang='lat' dir='ltr'><strong>ad</strong></span> <span class='ocrx_word' id='word_1_391' title='bbox 750 3729 989 3812; x_wconf 62' lang='lat' dir='ltr'><strong>confirmationis</strong></span> <span class='ocrx_word' id='word_1_392' title='bbox 1012 3743 1044 3797; x_wconf 89' lang='lat' dir='ltr'><strong>ut</strong></span> <span class='ocrx_word' id='word_1_393' title='bbox 1059 3733 1150 3815; x_wconf 87' lang='lat' dir='ltr'><strong>ajunt,</strong></span> <span class='ocrx_word' id='word_1_394' title='bbox 1175 3735 1309 3812; x_wconf 69' lang='lat' dir='ltr'><strong>obiectam,</strong></span> <span class='ocrx_word' id='word_1_395' title='bbox 1323 3755 1392 3816; x_wconf 84' lang='lat' dir='ltr'><strong>pur-</strong></span> 
     </span>
    </p>
   </div>
   <div class='ocr_carea' id='block_1_3' title="bbox 173 3871 394 3890">
    <p class='ocr_par' dir='ltr' id='par_1_3' title="bbox 173 3871 394 3890">
     <span class='ocr_line' id='line_1_41' title="bbox 173 3871 394 3890; baseline 0.009 -2"><span class='ocrx_word' id='word_1_396' title='bbox 173 3871 394 3890; x_wconf 67' lang='lat' dir='ltr'><strong>——n——u-r</strong></span> 
     </span>
    </p>
   </div>
   <div class='ocr_carea' id='block_1_4' title="bbox 170 3955 1470 4440">
    <p class='ocr_par' dir='ltr' id='par_1_4' title="bbox 173 3955 1391 4070">
     <span class='ocr_line' id='line_1_42' title="bbox 173 3955 1391 4070; baseline 0.008 -69"><span class='ocrx_word' id='word_1_397' title='bbox 173 3965 338 4070; x_wconf 61' lang='lat' dir='ltr'><strong>rursuqlrem</strong></span> <span class='ocrx_word' id='word_1_398' title='bbox 358 3960 556 4005; x_wconf 71' lang='lat' dir='ltr'><strong>commemorate</strong></span> <span class='ocrx_word' id='word_1_399' title='bbox 577 3970 638 4004; x_wconf 82' lang='lat' dir='ltr'><strong>euro</strong></span> <span class='ocrx_word' id='word_1_400' title='bbox 656 3971 747 4006; x_wconf 79' lang='lat' dir='ltr'><strong>arcanc</strong></span> <span class='ocrx_word' id='word_1_401' title='bbox 763 3955 923 4022; x_wconf 80' lang='lat' dir='ltr'><strong>impositione</strong></span> <span class='ocrx_word' id='word_1_402' title='bbox 941 3957 1123 4024; x_wconf 75' lang='lat' dir='ltr'><strong>adumbratur,</strong></span> <span class='ocrx_word' id='word_1_403' title='bbox 1143 3966 1172 4013; x_wconf 83' lang='lat' dir='ltr'><strong>rot</strong></span> <span class='ocrx_word' id='word_1_404' title='bbox 1190 3967 1214 4011; x_wconf 80' lang='lat' dir='ltr'><strong>ei</strong></span> <span class='ocrx_word' id='word_1_405' title='bbox 1232 3957 1322 4019; x_wconf 63' lang='lat' dir='ltr'><strong>anima</strong></span> <span class='ocrx_word' id='word_1_406' title='bbox 1335 3958 1391 4024; x_wconf 62' lang='grc' dir='ltr'><strong>φί-</strong></span> 
     </span>
    </p>

    <p class='ocr_par' dir='ltr' id='par_1_5' title="bbox 170 4029 1470 4440">
     <span class='ocr_line' id='line_1_43' title="bbox 173 4029 1470 4164; baseline 0.012 -26"><span class='ocrx_word' id='word_1_407' title='bbox 173 4029 229 4072; x_wconf 55' lang='lat' dir='ltr'><strong>mu</strong></span> <span class='ocrx_word' id='word_1_408' title='bbox 244 4031 427 4156; x_wconf 44' lang='lat' dir='ltr'><strong>ifiiiiriiiwi,</strong></span> <span class='ocrx_word' id='word_1_409' title='bbox 448 4091 492 4146; x_wconf 75' lang='lat'><strong>22.</strong></span> <span class='ocrx_word' id='word_1_410' title='bbox 513 4090 571 4159; x_wconf 87' lang='lat' dir='ltr'><strong>(ap.</strong></span> <span class='ocrx_word' id='word_1_411' title='bbox 596 4091 807 4146; x_wconf 86' lang='lat' dir='ltr'><strong>Cotelurium</strong></span> <span class='ocrx_word' id='word_1_412' title='bbox 831 4103 891 4145; x_wconf 63' lang='lat' dir='ltr'><strong>tour„</strong></span> <span class='ocrx_word' id='word_1_413' title='bbox 911 4096 936 4148; x_wconf 90' lang='lat' dir='ltr'><strong>l.</strong></span> <span class='ocrx_word' id='word_1_414' title='bbox 952 4105 1026 4164; x_wconf 76' lang='lat' dir='ltr'><strong>pute.</strong></span> <span class='ocrx_word' id='word_1_415' title='bbox 1045 4097 1179 4160; x_wconf 75' lang='lat' dir='ltr'><strong>apostolic.</strong></span> <span class='ocrx_word' id='word_1_416' title='bbox 1204 4113 1229 4164; x_wconf 82' lang='lat' dir='ltr'><strong>p.</strong></span> <span class='ocrx_word' id='word_1_417' title='bbox 1249 4094 1326 4160; x_wconf 73' lang='lat'>371.)</span> <span class='ocrx_word' id='word_1_418' title='bbox 1344 4096 1390 4153; x_wconf 81' lang='lat' dir='ltr'><strong>obi</strong></span> <span class='ocrx_word' id='word_1_419' title='bbox 1469 4103 1470 4162; x_wconf 61' lang='grc' dir='ltr'>ᾗ</span> 
     </span>
     <span class='ocr_line' id='line_1_44' title="bbox 173 4156 1391 4243; baseline 0.009 -35"><span class='ocrx_word' id='word_1_420' title='bbox 173 4156 275 4224; x_wconf 89' lang='lat' dir='ltr'><strong>quidem</strong></span> <span class='ocrx_word' id='word_1_421' title='bbox 292 4159 413 4241; x_wconf 57' lang='lat' dir='ltr'><strong>quoquina</strong></span> <span class='ocrx_word' id='word_1_422' title='bbox 434 4160 586 4243; x_wconf 73' lang='lat' dir='ltr'><strong>qerinronias</strong></span> <span class='ocrx_word' id='word_1_423' title='bbox 605 4162 781 4242; x_wconf 70' lang='lat' dir='ltr'><strong>observandas</strong></span> <span class='ocrx_word' id='word_1_424' title='bbox 798 4165 968 4231; x_wconf 83' lang='lat' dir='ltr'><strong>praescribit,</strong></span> <span class='ocrx_word' id='word_1_425' title='bbox 996 4172 1024 4220; x_wconf 81' lang='lat' dir='ltr'><strong>at</strong></span> <span class='ocrx_word' id='word_1_426' title='bbox 1044 4166 1082 4226; x_wconf 79' lang='lat' dir='ltr'><strong>im</strong></span> <span class='ocrx_word' id='word_1_427' title='bbox 1102 4165 1203 4232; x_wconf 64' lang='lat' dir='ltr'><strong>pergite</strong></span> <span class='ocrx_word' id='word_1_428' title='bbox 1229 4164 1256 4218; x_wconf 80' lang='lat' dir='ltr'><strong>ol</strong></span> <span class='ocrx_word' id='word_1_429' title='bbox 1272 4162 1303 4218; x_wconf 77' lang='lat' dir='ltr'><strong>dt</strong></span> <span class='ocrx_word' id='word_1_430' title='bbox 1319 4157 1391 4235; x_wconf 75' lang='lat' dir='ltr'><strong>perite</strong></span> 
     </span>
     <span class='ocr_line' id='line_1_45' title="bbox 170 4225 1470 4315; baseline 0.008 -37"><span class='ocrx_word' id='word_1_431' title='bbox 170 4225 304 4310; x_wconf 54' lang='lat' dir='ltr'><strong>‚idmona</strong></span> <span class='ocrx_word' id='word_1_432' title='bbox 322 4244 393 4293; x_wconf 80' lang='grc' dir='ltr'><em>μητε,</em></span> <span class='ocrx_word' id='word_1_433' title='bbox 408 4242 522 4312; x_wconf 48' lang='lat' dir='ltr'><strong>proponi,</strong></span> <span class='ocrx_word' id='word_1_434' title='bbox 541 4233 621 4293; x_wconf 74' lang='lat' dir='ltr'><strong>reperi</strong></span> <span class='ocrx_word' id='word_1_435' title='bbox 632 4226 714 4311; x_wconf 43' lang='grc' dir='ltr'><em>’ὕδωρ</em></span> <span class='ocrx_word' id='word_1_436' title='bbox 726 4231 780 4315; x_wconf 47' lang='lat' dir='ltr'><strong>‚qemi</strong></span> <span class='ocrx_word' id='word_1_437' title='bbox 803 4227 874 4299; x_wconf 74' lang='grc' dir='ltr'><em>πρὸς</em></span> <span class='ocrx_word' id='word_1_438' title='bbox 889 4235 983 4314; x_wconf 41' lang='grc' dir='ltr'><strong><em>χρίσιΙν</em></strong></span> <span class='ocrx_word' id='word_1_439' title='bbox 1001 4233 1049 4291; x_wconf 69' lang='grc' dir='ltr'><strong>καὶ</strong></span> <span class='ocrx_word' id='word_1_440' title='bbox 1065 4229 1137 4304; x_wconf 64' lang='grc' dir='ltr'><strong>πρὸς</strong></span> <span class='ocrx_word' id='word_1_441' title='bbox 1156 4233 1322 4303; x_wconf 68' lang='lat' dir='ltr'><strong>dmpaptida,</strong></span> <span class='ocrx_word' id='word_1_442' title='bbox 1342 4233 1391 4292; x_wconf 68' lang='lat' dir='ltr'><strong>ital</strong></span> <span class='ocrx_word' id='word_1_443' title='bbox 1462 4259 1470 4276; x_wconf 62' lang='lat'><em>⁶</em></span> 
     </span>
     <span class='ocr_line' id='line_1_46' title="bbox 172 4295 1330 4440; baseline 0.011 -27"><span class='ocrx_word' id='word_1_444' title='bbox 172 4295 427 4431; x_wconf 43' lang='lat' dir='ltr'><strong>lupoqqqtqlquqluez</strong></span> <span class='ocrx_word' id='word_1_445' title='bbox 437 4301 1133 4440; x_wconf 41' lang='lat' dir='ltr'><strong>qooqecqlqugpqqqqqaqqqutqtsrqngsqussqrqqqanbrqtoq,8.</strong></span> <span class='ocrx_word' id='word_1_446' title='bbox 1152 4372 1231 4432; x_wconf 85' lang='lat' dir='ltr'><strong>simui</strong></span> <span class='ocrx_word' id='word_1_447' title='bbox 1248 4379 1330 4440; x_wconf 82' lang='lat' dir='ltr'><strong>putet.</strong></span> 
     </span>
    </p>
   </div>
   <div class='ocr_carea' id='block_1_5' title="bbox 239 4433 1386 4511">
    <p class='ocr_par' dir='ltr' id='par_1_6' title="bbox 239 4433 1386 4511">
     <span class='ocr_line' id='line_1_47' title="bbox 239 4433 1386 4511; baseline 0.04 -42"><span class='ocrx_word' id='word_1_448' title='bbox 239 4433 296 4502; x_wconf 75' lang='lat' dir='ltr'><strong>ars)</strong></span> <span class='ocrx_word' id='word_1_449' title='bbox 318 4449 368 4488; x_wconf 69' lang='lat'><strong>„011</strong></span> <span class='ocrx_word' id='word_1_450' title='bbox 386 4435 442 4487; x_wconf 72' lang='lat' dir='ltr'><strong>sine</strong></span> <span class='ocrx_word' id='word_1_451' title='bbox 461 4435 653 4500; x_wconf 69' lang='lat' dir='ltr'><strong>insignissimi</strong></span> <span class='ocrx_word' id='word_1_452' title='bbox 671 4445 744 4495; x_wconf 85' lang='lat' dir='ltr'><strong>motu</strong></span> <span class='ocrx_word' id='word_1_453' title='bbox 760 4447 838 4508; x_wconf 80' lang='lat' dir='ltr'><strong>umus</strong></span> <span class='ocrx_word' id='word_1_454' title='bbox 856 4440 1030 4504; x_wconf 75' lang='lat' dir='ltr'><strong>obluctatione</strong></span> <span class='ocrx_word' id='word_1_455' title='bbox 1050 4441 1102 4508; x_wconf 65' lang='lat' dir='ltr'><strong>itti</strong></span> <span class='ocrx_word' id='word_1_456' title='bbox 1120 4448 1247 4511; x_wconf 62' lang='lat' dir='ltr'><strong>tibitibi.</strong></span> <span class='ocrx_word' id='word_1_457' title='bbox 1268 4457 1334 4510; x_wconf 63' lang='lat' dir='ltr'><strong>im</strong></span> <span class='ocrx_word' id='word_1_458' title='bbox 1353 4444 1386 4500; x_wconf 61' lang='lat' dir='ltr'><strong>dd</strong></span> 
     </span>
    </p>
   </div>
   <div class='ocr_carea' id='block_1_6' title="bbox 0 0 1476 4898">
    <p class='ocr_par' dir='ltr' id='par_1_7' title="bbox 0 0 1476 4898">
     <span class='ocr_line' id='line_1_48' title="bbox 0 0 1476 4898; baseline 0 1"><span class='ocrx_word' id='word_1_459' title='bbox 0 0 1476 4898; x_wconf 95' lang='lat' dir='ltr'><strong> </strong></span> 
     </span>
    </p>
   </div>
  </div>
 </body>
</html>
