2944 4898
583 1117 765 1205 xxtx.
856 1073 859 1078 ’

61 1333 101 1424 J.
123 1271 199 1424 ¹G}
223 1336 413 1430 Waluh
450 1337 504 1442 tle
533 1339 702 1454 hymnis
732 1281 944 1428 ecclesiae
966 1340 1283 1459 apostuliuau*).

154 1586 312 1650 Laudabili
338 1589 455 1652 omnino
489 1611 579 1673 opera
608 1591 703 1652 innoti
728 1599 810 1667 sunt,
841 1590 893 1672 qui
915 1591 1012 1654 studia
1041 1611 1097 1653 sua
1118 1595 1154 1654 ad
1189 1591 1284 1655 histu-

65 1675 138 1738 riatu
160 1675 306 1738 ecelesiae
330 1679 510 1759 apostolieae
529 1678 713 1740 contulerunt
735 1687 822 1758 atqnu
841 1690 1028 1752 enarrarunt,
1055 1700 1130 1760 quae
1148 1683 1184 1742 ad
1202 1681 1288 1744 illam

65 1763 273 1826 illustrandam
291 1766 498 1846 purtinent'*).
536 1766 645 1828 Notitia
661 1765 736 1826 enim
753 1766 833 1826 illins
849 1786 999 1826 sannarum
1018 1765 1167 1828 literarum
1185 1767 1283 1828 uultu-

65 1851 150 1913 ribus
172 1874 227 1913 nun
246 1849 342 1914 sulum
361 1851 459 1931 utilis,
484 1873 584 1915 rerum
604 1854 689 1915 etiarn
708 1853 832 1914 tnaxirne
851 1863 894 1914 est
912 1853 1091 1929 necessaria,
1114 1855 1187 1916 adeo
1206 1866 1236 1915 ut
1254 1855 1284 1916 in
1363 1903 1367 1910 .

66 1939 145 2000 ontni
173 1939 324 2002 divinioris
344 1941 494 2002 doetrinae
518 1953 600 2022 parte
626 1941 747 2019 egregia
773 1941 911 2020 praebeat
931 1941 1098 2002 adiumenta
1121 1949 1157 2002 ab
1174 1941 1284 2004 elaram

66 2027 184 2106 adierat
199 2026 313 2098 lorrm3
340 2028 390 2089 nbi
408 2041 504 2090 antem
521 2029 587 2109 quis
602 2027 659 2088 ista
676 2027 858 2104 instituitur,
884 2029 981 2088 varias
999 2029 1106 2090 habeat
1123 2027 1284 2092 dillitmlta-
1356 2065 1361 2077 =

65 2121 125 2186 tes,
157 2115 374 2194 qnau'leliuiuri
391 2117 554 2177 studiorum
572 2114 673 2176 cursui
697 2115 902 2195 impedimenta
923 2115 1073 2188 iniiaiunt,
1098 2123 1131 2178 ut
1149 2117 1284 2198 pluribus

64 2201 90 2262 J.
108 2202 146 2263 F.
167 2202 417 2280 Bnddensm)
443 2202 577 2264 ostendit.
614 2201 709 2283 lpsius
733 2201 870 2264 historiae
889 2204 976 2264 buius
993 2217 1171 2283 argumenta
1184 2220 1212 2266 et
1229 2226 1283 2267 ea-

65 2289 126 2369 pita
145 2300 216 2349 sunt
230 2289 321 2353 varia.
360 2292 513 2369 Agundum
531 2289 560 2350 in
580 2310 614 2352 ea
631 2301 674 2351 est
692 2292 727 2350 de
744 2291 887 2352 ecelesiae
910 2288 1089 2371 apostolicae
1105 2291 1305 2372 dortoribns„

64 2376 128 2436 sire
148 2375 256 2454 legatis
274 2377 399 2452 atenim
425 2379 459 2439 de
477 2377 543 2458 ipsa
561 2377 692 2438 duutrina
710 2376 775 2439 fitet
801 2377 909 2458 pariter
928 2395 964 2439 au
988 2377 1063 2438 ritus
1080 2398 1202 2458 eantque
1221 2393 1282 2440 tra·
1384 2395 1389 2404 ’

38 2489 40 2494 ·
66 2463 155 2524 alendi
173 2465 323 2540 methodo;
348 2465 383 2526 do
402 2465 608 2526 controversiis
626 2476 755 2546 tempure
777 2464 977 2546 apostulorum
995 2465 1103 2526 exortis
1120 2467 1214 2545 deque
1231 2486 1283 2526 ra-

65 2551 156 2625 tionu,
181 2572 238 2631 qna
254 2552 381 2632 apostoli
400 2551 535 2613 hostibus
550 2552 679 2614 veritatis
697 2573 730 2614 su
748 2552 937 2632 opposuerint
954 2562 1040 2632 atque
1056 2554 1198 2613 aduersus
1215 2551 1283 2615 illus

16 2657 17 2660 ’
67 2637 281 2719 disputaverint
297 2639 422 2721 itemque
439 2643 475 2701 tle
492 2639 551 2700 rita
568 2638 596 2700 et
613 2639 742 2700 muribus
759 2639 991 2700 Christianorum
1013 2639 1043 2700 in
1067 2641 1120 2701 bau
1137 2638 1283 2715 ourlrsia3

66 2728 102 2787 de
120 2723 204 2786 cultu
221 2725 318 2787 diuino
336 2739 364 2788 et
382 2727 471 2789 variis
486 2724 567 2788 illius
584 2729 717 2807 partibus
742 2726 920 2808 ritibusque,
942 2726 990 2807 qui
1016 2747 1050 2788 eu
1068 2737 1197 2808 tempure
1212 2728 1284 2788 iuu-

39 2837 42 2842 ·
67 2825 134 2873 runt
151 2809 263 2875 usitati.
298 2813 396 2876 Multa
417 2813 509 2893 igitur
526 2825 699 2894 argumenta
717 2825 786 2875 sunt
803 2817 982 2886 enarranda,
1007 2814 1033 2874 si
1052 2817 1116 2895 quis
1135 2815 1283 2876 historiam
1302 2873 1304 2878 .

67 2900 144 2962 hano
171 2911 309 2962 aruurate
333 2900 468 2962 ariasto
495 2901 596 2961 ordine
620 2893 785 2962 inscribere
809 2899 887 2963 velit.
929 2900 1062 2978 Quodvis
1086 2899 1202 2960 illorum
1227 2901 1283 2961 ritu

69 2997 280 3068 pertractatum·
292 2979 375 3050 snam
392 2989 485 3051 adfert
503 2987 671 3063 utilitatem,
701 2987 871 3068 praesertim
887 2988 917 3048 in
935 2986 1090 3048 sanctioris
1107 2985 1283 3065 disripliaae

70 3074 177 3136 studio.
209 3075 255 3137 Ex
273 3095 307 3136 eu
325 3075 401 3137 enitn
419 3097 496 3137 nunu
512 3074 686 3155 exemplum,
704 3077 779 3154 quud
796 3073 966 3147 imitandum,
983 3083 1036 3141 est,
1054 3091 1132 3133 nunu
1149 3071 1283 3153 subsidia

69 3166 103 3223 atl
121 3174 230 3248 reu-tam
248 3161 472 3244 intelligentiam
490 3163 630 3224 librorum
648 3162 683 3225 N.
703 3161 759 3236 T„
782 3161 915 3242 inprimis
931 3159 1120 3242 epistularum
1139 3157 1283 3241 apostuli-

70 3271 180 3327 oarnm,
199 3252 370 3312 necessaria
387 3271 493 3332 rapere
510 3270 678 3332 possumus.
700 3248 794 3312 Cuius
810 3248 851 3311 rui
871 3256 902 3310 nt
919 3251 1121 3310 duramentum
1139 3250 1282 3328 quoddam
1348 3295 1358 3335 Α.

71 3339 271 3408 exhibeamus,
289 3339 346 3400 iam
356 3349 448 3400 'nsum
460 3339 631 3420 hymnorum
647 3337 677 3398 in
690 3334 819 3399 eeclesia
831 3336 993 3418 apostolica
1004 3336 1169 3398 edisserere
1181 3335 1283 3397 illutn-
1351 3417 1355 3422 Ι

71 3447 125 3505 que
144 3445 181 3488 ox
201 3425 296 3488 tauris
315 3425 535 3508 antiquitatibus
559 3423 708 3486 iilustrare
731 3424 884 3487 nobiscum
903 3425 1118 3487 constituimus.
1136 3457 1181 3471 -
1205 3423 1232 3508 §.
1250 3424 1283 3488 2.
1371 3425 1383 3476 ’-

71 3511 102 3572 ln
119 3511 204 3574 libris
216 3513 251 3574 N.
267 3513 305 3574 Τ.
321 3513 403 3575 varia
420 3519 575 3588 momenta,
592 3509 727 3594 exempla
743 3523 831 3595 atque
846 3511 1011 3574 testimonia
1027 3510 1282 3593 deprehendimus,

73 3621 107 3662 ex
125 3599 234 3681 quibus
252 3601 328 3662 haud
347 3603 474 3663 obscure
497 3612 590 3681 patet,
615 3599 646 3661 in
671 3599 799 3662 ecclesia
821 3599 984 3682 apostolica
1010 3619 1094 3660 neum
1112 3599 1283 3680 hymnorum

74 3687 187 3748 omnino
206 3686 303 3750 luoutn
320 3688 471 3751 habuisse.
493 3688 622 3749 Primum
635 3688 693 3748 bno
706 3697 826 3768 spectat,
843 3690 918 3770 quud
935 3685 1060 3768 apostoli
1079 3683 1143 3747 uum
1154 3686 1283 3765 Christo,

72 3786 224 3856 postquam
255 3795 364 3854 agnum
391 3769 560 3858 paschalem
587 3777 782 3850 uutnederint,
813 3775 949 3857 hymnum
978 3783 1113 3833 cantasse
1138 3772 1283 3852 dieantur,

74 3866 175 3926 Mottb.
193 3859 254 3938 26,
279 3863 330 3926 80.
371 3863 416 3926 Du
432 3884 502 3926 rura
520 3863 655 3926 cantione
671 3861 718 3924 bio
735 3881 898 3924 sermonem
917 3858 1029 3951 institui
1046 3860 1182 3940 bunuqnu
1198 3860 1284 3944 bym7

73 3969 138 4012 nutu
154 3951 308 4032 tamquam
325 3969 425 4016 reram
442 3951 538 4014 uultus
560 3949 651 4014 di'rini
674 3949 786 4013 externi
802 3959 913 4038 partem
937 3963 1003 4012 essu
1027 3946 1284 4034 considerandum,
1302 4009 1306 4030 ,

77 4092 293 4112 ψ

138 4172 166 4234 *t
187 4173 365 4228 Prodicum
385 4133 461 4228 t'ttt.
482 4177 509 4229 t.

139 4243 185 4306 ξ’)
208 4244 355 4313 Scriptores
376 4243 502 4298 historiae
523 4243 681 4313 apostoliens
702 4249 730 4294 st
749 4241 918 4296 eeclesiarum
939 4243 1139 4310 apostotturnn
1156 4243 1283 4312 simulque

77 4314 269 4365 commentarius
287 4315 312 4365 tn
333 4321 393 4366 suta
412 4314 585 4382 apostulorum
604 4319 723 4366 mououut
742 4312 767 4365 t.
786 4311 818 4364 Α.
837 4309 1031 4379 l'ubrioius',
1049 4313 1076 4366 io
1095 4313 1213 4366 usletan·
1226 4315 1284 4363 tere
1347 4379 1353 4386 ·

76 4383 203 4520 ‘rub
217 4383 539 4520 thabatha
552 4382 863 4517 atatam?
883 4397 910 4449 t·
930 4381 964 4434 ⁶⁴
980 4395 1016 4433 ⁸⁸·
1339 4383 1341 4388 ’
