2944 4890
208 235 274 304 ene
406 293 412 302 ,
568 229 669 300 tut.
703 229 874 316 olannus
889 196 1096 304 nattam

204 419 240 482 ‚et
262 408 349 472 oliant
373 416 441 489 post
456 406 533 469 bane
554 393 613 468 non
633 415 795 490 sperantes.
825 407 913 472 Nune
928 428 997 470 neno
1017 427 1071 472 nos
1090 425 1148 468 nou
1166 403 1330 470 natiuitatis
1351 403 1423 468 elien

194 491 413 582 celebratius,
440 494 566 557 comsit
589 495 722 558 tlolornm
746 507 833 576 atque
858 495 1047 558 tentationum
1067 493 1219 572 introitus,
1245 495 1300 558 senl
1323 492 1422 554 mortis

209 587 296 663 (liena,
315 596 417 668 utpote.
429 583 459 646 in
476 582 602 646 omnium
621 583 752 647 tlolonunn
768 583 978 666 depositionem
992 595 1079 665 atque
1092 583 1219 646 omnittm
1232 580 1424 644 tentationum

114 725 119 738 ,
210 673 427 754 effugationem.
457 672 542 734 Diem
560 671 658 734 montis
676 672 869 752 nelebnatnns,
886 671 1029 754 quianon
1048 668 1334 752 moriuntunlti,qni
1354 669 1426 730 mori

204 763 353 834 ,eitleutou
382 760 540 840 Propterea
557 770 584 821 et
601 761 755 822 nttetaorias
772 773 940 832 sanctornm
956 759 1082 822 lacitnns
1097 770 1124 822 et
1138 768 1290 840 parentum
1305 772 1425 820 nostro·

204 873 273 918 ‚nnat
301 849 345 912 nel
365 847 524 910 amicornm
543 846 574 908 in
597 848 654 909 lide
673 847 855 910 morientium
882 848 1048 910 mennonium
1068 847 1202 927 eginone,
1229 859 1286 908 tata
1307 844 1425 908 illorum

205 937 365 1016 ¹refrigerio
392 939 572 1015 gannientes,
600 957 686 1016 qnam
714 936 800 998 etiam
819 935 905 998 nobis
925 935 1002 1016 piam
1020 933 1301 1016 consummationem
1320 934 1353 994 iu
1372 935 1425 996 litte

210 1025 402 1110 postulantes.
428 1022 499 1090 ,Sic
518 1021 617 1103 itaque
640 1045 698 1086 non
724 1024 800 1086 tliena
823 1023 983 1086 nativitatis
1008 1023 1209 1097 celebramus,
1236 1024 1290 1084 setl
1313 1022 1424 1098 montis,

208 1113 278 1196 qnia
296 1112 326 1174 in
346 1121 484 1192 perpetuo
502 1109 596 1173 tinent
613 1110 644 1186 ii,
664 1112 712 1192 qui
730 1112 902 1174 moriantur.
935 1109 1128 1174 celebratum
1146 1107 1424 1203 nintirytmreligio-

207 1221 263 1264 soe
290 1219 356 1262 enno
383 1197 587 1276 eat·endotibus
613 1211 826 1276 contonantes,
845 1195 955 1260 'fideles
976 1221 1034 1262 noa
1058 1219 1123 1274 antu
1150 1195 1229 1261 clero
1255 1197 1423 1272 invitantes,

209 1291 306 1354 adhuc
324 1306 433 1366 egenos
451 1298 478 1346 et
495 1306 650 1366 pauperes,
670 1287 796 1368 pupillos
814 1299 842 1348 et
859 1287 967 1349 eitlnas.
980 1299 1157 1364 stttunantes,
1171 1301 1202 1348 ut
1215 1285 1263 1347 liat
1277 1285 1424 1348 festivitas

114 1425 116 1436 .
210 1390 312 1440 nostra
338 1374 368 1436 in
393 1372 560 1436 memoriam
587 1373 699 1454 requiei
730 1375 877 1438 destruetis
902 1375 1074 1455 auinttaltns,
1107 1395 1228 1456 quarum
1254 1374 1424 1436 mennonium

209 1466 408 1540 celebramus,
433 1461 519 1522 nobis
539 1471 635 1524 autent
656 1461 801 1526 ellit-intur
823 1463 853 1524 in
874 1465 992 1524 otlarrnu
1008 1463 1180 1540 suavitatis,
1205 1462 1236 1522 in
1261 1473 1425 1541 conspectu

104 1629 112 1638 ·
148 1547 172 1574 ⁸
210 1551 322 1618 aeterni
341 1551 428 1614 beir‘
463 1549 628 1632 Cyprianus
655 1553 715 1622 (lib.
732 1553 761 1614 3.
778 1574 821 1632 ep.
839 1553 868 1612 6.
886 1554 925 1612 orl
943 1555 1082 1632 ctorem:
1107 1549 1206 1628 „Cum
1226 1546 1375 1611 voluntati
1401 1560 1425 1611 et

188 1689 189 1694 η
208 1638 391 1704 confessioni
410 1649 528 1700 nostrae
554 1637 584 1700 in
603 1658 721 1700 earcere
741 1650 768 1700 et
785 1637 911 1700 vinealis
928 1639 1042 1701 tercedit
1064 1651 1092 1701 ct
1108 1636 1424 1714 ntnoriendi'terminus‚

127 1777 130 1784 .
210 1737 411 1792 consummata
430 1725 562 1808 martyris
580 1725 676 1803 gloria
700 1734 753 1788 est.
787 1725 922 1808 Denique
944 1735 972 1788 et
990 1727 1051 1789 tlies
1069 1747 1180 1803 nonunt,
1204 1725 1316 1806 quilius
1336 1747 1424 1788 exce·

210 1820 298 1892 dant,
324 1817 478 1891 atlaotate,
504 1825 535 1876 ttt
558 1813 847 1876 commemorationes
872 1835 971 1876 eonuttt
998 1816 1074 1875 inter
1093 1813 1246 1876 memorias
1266 1824 1422 1894 martynum

204 1905 359 1988 ,celebrare
380 1903 540 1982 possimus.
574 1899 756 1982 Quatuquann
775 1899 931 1964 Tertullus
954 1901 1145 1966 fidelissimus
1168 1913 1195 1962 et
1212 1901 1421 1974 deuotissimos

207 1993 300 2055 lrtttcn
325 2001 424 2051 noster
446 2010 499 2068 pro
523 1999 621 2050 cetera
646 1989 844 2052 sollicitudine
870 2001 898 2052 et
924 2009 996 2052 cora
1019 2009 1090 2066 sna,
1124 2009 1210 2070 qnam
1230 1987 1377 2050 tratribus
1395 1987 1422 2048 iu

170 2099 174 2106 ’
210 2078 286 2140 omni
306 2077 447 2156 obsequio
466 2076 645 2154 operationis
664 2077 790 2157 impertit
814 2077 877 2158 (qui
896 2099 950 2140 uec
966 2075 1030 2140 illic
1048 2077 1126 2139 cinca
1151 2096 1250 2138 cunam
1267 2097 1422 2158 corporum

146 2194 154 2210 ν
203 2167 324 2242 *deest),
349 2161 501 2242 scripserit
519 2172 547 2224 et
565 2163 674 2226 seriltat
699 2185 734 2226 an
758 2164 905 2241 significet
927 2165 995 2227 mihi
1021 2165 1104 2244 elios,
1124 2165 1232 2246 quibos
1255 2163 1287 2224 in
1306 2185 1422 2226 cancere

209 2253 287 2318 beati
311 2251 416 2314 tratres
435 2251 529 2312 nostri
549 2253 585 2312 atl
608 2249 853 2315 immortalitatem
871 2252 1020 2334 gloriosae
1039 2251 1140 2316 montis
1160 2251 1240 2318 exito
1260 2259 1421 2328 transeunt,

210 2341 434 2408 etceleltrentnn
451 2339 498 2401 bic
516 2361 533 2402 a
550 2338 635 2402 nobis
652 2339 853 2403 absolutiones
867 2351 895 2404 et
908 2340 1064 2419 sacrificia,
1082 2343 1119 2402 ob
1133 2341 1422 2404 commemorationes

208 2451 328 2508 eorum,
362 2448 437 2510 qaae
461 2427 518 2488 rito
538 2428 707 2505 vobiscum,
734 2428 850 2490 donnino
874 2439 1064 2510 protegente,
1091 2428 1338 2493 celebrabinuut.“
1381 2426 1423 2488 Et

208 2520 270 2598 (lib.
287 2520 316 2576 lt.
333 2539 373 2595 ep.
393 2518 421 2576 5.
439 2518 477 2576 otl
491 2518 594 2596 plebem
610 2527 635 2577 et
651 2518 766 2590 olerum)
794 2519 829 2578 tle
847 2517 983 2580 Celerina
1001 2515 1191 2592 confessore,
1215 2515 1324 2578 let-tone
1340 2513 1421 2576 ontli-

208 2615 294 2666 natot
312 2599 478 2678 „saerifiria
496 2623 548 2682 pro
564 2603 738 2686 martyribus
755 2604 946 2682 Laurentino,
966 2604 1079 2684 lgnatio
1094 2614 1123 2666 et
1140 2603 1279 2666 Celerina
1296 2621 1421 2682 semper,

208 2701 241 2754 nt
257 2687 438 2765 meministis,
458 2689 616 2766 offerimus,
637 2692 754 2771 quoties
772 2702 927 2772 nntnrtynnm
945 2692 1100 2772 passiones
1118 2701 1146 2754 et
1164 2691 1228 2754 tlies
1245 2691 1422 2752 anniuersa-

210 2780 253 2842 nia
279 2775 554 2840 eotntnetaonatione
578 2777 793 2843 celebrttmtts.“
827 2779 1000 2862 ¹lltIantyrnm
1024 2778 1181 2842 memoriae
1209 2777 1371 2860 praecipue
1394 2778 1421 2838 itt

209 2867 337 2932 ecclesia
352 2867 487 2929 Romana
505 2864 706 2944 celebrantur,
730 2888 819 2948 supet
837 2889 959 2948 quorum
978 2867 1116 2948 sepulcra
1132 2866 1241 2930 missae
1257 2865 1372 2928 fiebant
1389 2887 1422 2928 ex

204 2955 319 3019 Feliris
337 2975 429 3035 papae
440 2953 715 3018 .coastitutionibus.
758 2957 803 3018 lle
821 2966 979 3038 martynum
997 2955 1146 3018 nuentoriis
1164 2953 1354 3035 Augustinus
1378 2953 1422 3032 (tle

160 3056 169 3068 ‘
204 3049 262 3110 ‚oia
275 3048 329 3104 aa
346 3037 377 3118 8,
396 3043 477 3117 aab:
501 3043 587 3119 „Nee
604 3053 698 3106 tannen
716 3063 770 3106 uos
788 3044 900 3106 eisdem
916 3043 1091 3124 martyribus
1110 3041 1226 3124 templa,
1245 3041 1422 3116 sacerdotia,

202 3126 338 3202 ,saena'et
353 3129 499 3192 sacrificia
515 3129 734 3194 constituimus:
753 3131 890 3212 quoniam
906 3153 963 3194 non
978 3131 1047 3214 ipsi,
1061 3136 1112 3194 setl
1125 3131 1207 3192 Dens
1222 3150 1322 3192 eorum
1336 3128 1421 3190 uobis

208 3230 252 3282 est
268 3219 361 3281 Deus.
375 3279 377 3286 ,
392 3217 579 3280 Hononamus
596 3237 668 3280 sane
685 3219 839 3282 memorias
857 3239 956 3282 eorum
975 3229 1121 3301 trrnnqnaut
1137 3229 1307 3282 sanctonum
1323 3215 1421 3276 bomi-

202 3327 276 3376 num
293 3305 361 3382 Dei,
379 3305 430 3386 qui
446 3327 539 3386 usque
555 3307 591 3368 atl
610 3316 729 3370 montem
746 3328 867 3370 sunrnnn
885 3328 1038 3388 conponunt
1055 3328 1107 3387 pro
1124 3305 1246 3384 raritate
1263 3313 1422 3380 certarunt,

201 3406 243 3462 ,ut
256 3394 452 3456 innotesceret
470 3413 543 3458 rena,
556 3392 674 3473 religio,
693 3394 779 3458 falsis
794 3391 990 3475 religionibus
1003 3393 1142 3476 fictisque
1159 3392 1319 3469 conuictisp
1343 3393 1421 3470 qnod

201 3482 293 3546 ,etiam
310 3481 334 3544 si
353 3479 401 3562 qui
420 3491 507 3544 autea
523 3481 697 3557 sentiebant,
718 3481 850 3545 timeutlo.
862 3484 1071 3564 reprimebant.
1104 3481 1179 3562 Quis
1196 3491 1292 3551 autent
1311 3478 1422 3540 audivit

206 3570 364 3653 aliqnando
382 3568 510 3632 titlelinm
535 3579 658 3632 stantem
681 3571 862 3642 sacerdotem
887 3573 923 3634 atl
943 3569 1146 3634 altare·etianni
1171 3579 1420 3650 superstructum

207 3679 315 3740 corpus
334 3656 468 3739 martyris
485 3658 521 3718 ad
538 3656 593 3718 Dei
613 3657 751 3720 bononem
769 3656 938 3740 cultumque
955 3667 1164 3733 constructum,
1182 3657 1281 3720 nlicere
1300 3654 1330 3718 in
1353 3675 1421 3736 pne·

202 3747 310 3812 aibas:
336 3746 426 3808 offero
446 3744 497 3806 tibi
515 3743 709 3823 sacrificium,
733 3747 818 3808 Petne
836 3745 880 3808 nel
898 3745 992 3808 Paule
1010 3746 1057 3809 rel
1076 3745 1232 3828 Cypriane,
1257 3763 1323 3804 oum
1342 3744 1420 3824 aput

202 3855 306 3896 ‚eornm
325 3832 480 3898 memorias
499 3831 621 3896 offerunt
638 3833 718 3910 Deo,
744 3833 793 3915 qni
811 3855 862 3896 eos
878 3843 907 3895 et
922 3833 1057 3898 homines
1077 3841 1106 3896 et
1122 3841 1261 3914 martyres
1278 3829 1370 3906 feeit,
1394 3841 1421 3892 et

202 3921 320 3982 ,sanetis
343 3924 406 3986 suis
430 3917 547 4002 angelis
571 3920 694 3984 coelesti
711 3922 822 3984 honore
848 3919 988 3988 sociarit:
1011 3931 1044 3984 nt
1063 3943 1097 3984 ea
1122 3918 1292 3984 celebritate
1311 3926 1342 3981 et
1359 3919 1419 3980 Des

206 4025 276 4071 veno
300 4009 335 4070 de
357 4010 473 4072 illorum
491 4008 621 4072 uictoriis
639 4008 753 4088 gratias
771 4011 914 4090 agamus,
940 4021 968 4072 et
986 4028 1041 4072 nos
1059 4011 1094 4072 ad
1112 4007 1302 4076 imitationem
1319 4005 1419 4066 talium

122 4155 139 4187 ·,
206 4114 380 4158 coronarum
400 4108 486 4178 atque
511 4097 691 4176 palmarum,
718 4099 819 4160 eodem
846 4097 980 4158 inrorato
1012 4097 1044 4158 in
1069 4096 1229 4174 auxilinm,
1256 4115 1294 4158 ex
1319 4113 1419 4156 eorum

203 4180 361 4248 memoriae
392 4185 578 4248 renovatione
610 4185 820 4248 adhortemur‘l
857 4186 1088 4266 Quaecnntquae
1115 4179 1420 4265 igitnrattltilnentnr

202 4271 411 4351 religiosorum
436 4273 578 4350 obsequia
594 4273 624 4334 in
642 4281 798 4354 martyrum
816 4272 907 4348 loeis,
931 4283 1101 4335 ornamenta
1117 4282 1186 4336 sunt
1205 4271 1419 4350 mennoniarnm,

201 4381 261 4428 nott
279 4377 365 4420 sanna
381 4356 426 4418 vel
444 4356 589 4420 sacrificia
606 4371 793 4436 mortuorum,
811 4370 955 4442 tamquam
972 4363 1104 4424 «leonum.
1136 4358 1315 4440 Qaiennqns
1331 4359 1419 4420 etiarn

203 4446 308 4537 epulas
324 4463 402 4514 suas
423 4464 458 4508 eo
476 4441 637 4526 tteicrttnt,¹
652 4443 862 4532 qunn'qntten
880 4469 899 4514 a
918 4448 1095 4516 Christianis
1110 4446 1283 4514 melioribus
1301 4465 1365 4510 nou
1380 4445 1419 4526 sa,
