2944 4890
215 229 220 236 .
319 173 357 236 do
374 173 480 238 veteris
498 169 572 270 ecel.
589 172 869 258 circamanentes
890 174 999 273 rigore.
1140 169 1267 240 ’Μ

45 347 197 416 tullianos
214 347 277 416 dies
294 358 382 413 nocet
396 349 561 431 baptizandi
578 349 718 416 solennes
737 353 788 430 (de
805 354 883 433 bapt.
900 349 977 436 ln).
1021 352 1065 416 lia
1081 353 1168 416 etiam
1187 349 1267 414 oiroa

46 437 235 520 poenitentes
250 438 310 518 jam
330 438 564 502 reconciliandos
582 438 635 500 tuit
654 439 799 502 ecclesiae
816 441 899 519 ratio,
922 443 998 522 quod
1016 458 1053 504 ex
1069 461 1193 504 armona
1209 459 1265 501 au·

47 526 123 588 toris
146 521 250 588 incerti
273 527 309 588 ds
328 533 455 588 auctione
470 530 628 590 cirismatis
650 525 841 608 intelligitur:
877 536 953 592 Haec
972 532 1040 608 dies,
1067 527 1171 609 iuquit,
1194 531 1267 588 nocti
1306 551 1309 562 ν

47 618 95 676 illi
118 619 247 692 contiguo
264 624 314 687 ost,
339 636 395 694 qno
412 617 596 678 absolutionis
612 626 726 680 nostroe
742 624 877 696 neqotiurn
894 623 1031 678 Dominus
1047 619 1194 687 iaoltoaoit,
1210 634 1266 695 qno

47 723 68 763 a
93 703 266 781 muricibus
287 704 462 764 sacerdotnm
489 705 527 764 od
550 725 694 766 romonum
716 708 871 785 oenomai
894 707 1010 780 ductore,
1040 707 1125 778 iudea
1143 709 1265 764 omniunt

45 795 185 852 sustinuit
201 790 338 863 iudicaris
363 811 468 869 passus
486 801 526 852 ost
542 811 593 852 rea
608 794 691 854 illudi
707 803 733 853 ot
750 799 809 854 uita
825 795 922 854 occidi*
935 794 1149 872 descendensque
1165 793 1202 852 ad
1218 796 1266 850 ia-

46 880 138 954 feros,
157 882 295 956 captiuam
312 879 347 938 ob
362 884 477 958 antiqno
493 882 820 959 cinnomannorum
841 883 891 942 boc
905 882 1032 942 ecclesim
1047 901 1116 940 snae
1133 881 1266 940 bodisrss

47 967 202 1027 traditione
218 967 373 1043 carmalum
392 968 556 1046 relinquens,
575 977 605 1028 nt
620 967 696 1044 risset
712 974 742 1030 in
761 971 873 1030 cocheio
895 969 1032 1032 mociano
1049 977 1222 1047 pantorum
1240 975 1266 1026 st

46 1054 218 1115 baereditoti
240 1053 417 1116 initiarentur
439 1055 524 1132 ejecti,
548 1065 573 1115 a
594 1057 816 1136 macomadibus
835 1055 986 1132 beneficiis,
1008 1077 1080 1142 quoe
1093 1075 1181 1133 semro
1196 1073 1266 1114 enn-

46 1145 237 1211 manaimus,
260 1141 390 1202 libertate
415 1141 586 1204 donarentur
611 1149 793 1222 poenitentes,
812 1149 871 1224 qni
894 1145 1042 1204 secandum
1064 1148 1163 1204 rnerita
1190 1141 1266 1219 (nisi
1349 1169 1354 1180 ι

45 1233 145 1307 qratia
163 1227 329 1304 subueniret)
352 1229 466 1303 fuerant
482 1231 665 1292 condemnati.
711 1237 747 1294 Et
765 1237 877 1292 omnino
892 1237 1025 1307 manauit,
1044 1241 1074 1292 ut
1091 1252 1122 1292 eo
1138 1239 1266 1309 uapore,
1366 1263 1368 1275 ·

46 1337 104 1396 qno
124 1317 250 1376 carasco
268 1320 391 1394 captiuos
409 1318 505 1378 edocit
527 1319 562 1378 ob
578 1320 688 1394 inferis,
712 1321 880 1380 renonciliati
896 1327 1051 1398 peccatores
1071 1320 1109 1380 od
1126 1319 1267 1378 ecclesiam

47 1405 236 1474 redonantur,
265 1412 292 1463 st
313 1423 366 1483 quo
390 1406 535 1480 confracto
559 1415 625 1466 sunt
646 1407 796 1486 infernalia
811 1409 945 1486 repagula
960 1411 1092 1480 carceris,
1116 1407 1266 1479 iudiciaria

46 1495 185 1554 emensos
201 1500 384 1566 mansuescat,
402 1501 496 1572 atquo
513 1493 548 1552 ab
564 1494 749 1568 infernalibus
765 1500 906 1556 tormentis
921 1503 1057 1554 cessatum
1070 1502 1122 1565 est,
1142 1493 1265 1552 bumana

46 1579 191 1660 sappiioia
212 1579 383 1640 crudelitatis
405 1582 546 1642 boreos-em
568 1581 716 1658 deponant.
740 1613 782 1625 -
805 1579 834 1662 5
852 1580 881 1642 3.
914 1579 1000 1656 Quod
1020 1599 1089 1640 vero
1109 1577 1187 1654 dixi,
1214 1574 1268 1640 illa

48 1683 206 1726 sacrorum
227 1664 448 1741 communione,
474 1687 550 1747 quae
575 1666 727 1728 criminum
746 1667 832 1730 venia
856 1675 883 1728 et
901 1666 1087 1730 absolutione
1107 1668 1142 1729 nd
1164 1664 1267 1746 poeni·

47 1762 146 1815 tontes
162 1751 358 1832 perveniebat,
377 1752 397 1814 ii
417 1760 476 1814 tum
494 1755 607 1816 doraum
626 1753 738 1832 gravisi
755 1753 882 1830 fuerunt,
902 1753 951 1836 qni
967 1753 1113 1834 soporatis
1131 1753 1267 1834 publicae

46 1838 263 1903 satisfactionis
290 1839 442 1902 laboribus
471 1849 500 1902 et
524 1841 664 1904 molestiis
697 1843 728 1902 in
760 1843 967 1922 poenitentium
994 1841 1096 1904 ordine
1122 1859 1191 1904 esso
1213 1842 1267 1900 de-

46 1929 172 1992 sierant.
210 1927 310 2005 Quare
328 1947 386 1990 nou
404 1927 468 2004 erit,
487 1927 659 1992 satisfacere
675 1931 824 2010 quaerenti
843 1929 988 2031 Dionysio
1006 1929 1145 1993 Petario:
1170 1937 1266 1990 utrum

48 2025 157 2098 quarto
175 2013 298 2095 insuper
316 2016 511 2096 poenitentiae
529 2019 634 2096 gradu,
660 2037 744 2098 quem
763 2017 868 2080 Graeci
888 2036 1041 2078 suasanus
1060 2017 1172 2094 dieunt,
1195 2033 1267 2096 poe·-

48 2101 213 2166 nitentibus
231 2101 314 2182 nnus
332 2103 550 2183 defungendum
568 2104 665 2181 luerit,
689 2125 774 2186 quam
791 2105 922 2168 oriminis
939 2105 1154 2168 absolutionem
1172 2104 1267 2184 impe-

48 2189 210 2266 traverintq
234 2210 271 2251 au
291 2200 358 2271 post
385 2179 576 2268 ὑπόπτωσιν,
603 2192 800 2273 poenitentiae
818 2193 971 2255 stationem
991 2194 1120 2269 tertiam,
1146 2194 1214 2254 data
1231 2190 1267 2252 iis

48 2277 206 2340 eriminum
223 2277 309 2340 venia
326 2288 354 2340 et
370 2277 539 2340 absolutioi
557 2280 690 2342 Haesitat
707 2292 734 2342 et
753 2302 810 2361 quo
828 2301 861 2342 so
879 2289 971 2342 vertat
989 2280 1052 2342 lere
1071 2280 1199 2356 ignorat.
1225 2282 1269 2338 Ac

47 2369 139 2432 uideri
151 2383 221 2426 eune
234 2375 331 2444 nouat,
346 2366 397 2444 aii,
413 2377 474 2446 poet
491 2360 674 2428 ὑπόπτωσιν
690 2379 863 2448 peccatoram
878 2371 937 2429 iliis
951 2374 1070 2439 neniam,
1085 2370 1149 2452 ¹¹2⁶·
1165 2385 1267 2426 soora·

48 2455 199 2516 mentalem
215 2455 295 2514 iliam
310 2457 511 2516 remeationem
527 2475 586 2514 cere
598 2475 764 2536 concessam.
795 2455 849 2518 Cui
863 2454 1025 2524 sententiae
1042 2463 1073 2515 ut
1083 2453 1266 2516 autoritatem

48 2539 205 2616 conciliet,
239 2560 377 2602 manuum
411 2540 624 2622 impositionem
650 2538 690 2624 τῇ
715 2531 897 2604 ὑποπτώσει
929 2541 1074 2623 propriam
1100 2541 1193 2604 luisse
1218 2540 1268 2604 ait.

47 2631 113 2692 lam
132 2647 198 2688 aum
214 2647 266 2706 per
281 2627 480 2709 χειροθεσίαν
497 2627 564 2689 olim
582 2629 618 2688 ab
636 2629 762 2690 ecelesia
777 2629 929 2692 ariminum
942 2631 983 2692 rel
1000 2630 1113 2692 reniam
1127 2629 1269 2711 impetra·

48 2715 155 2793 verint,
171 2714 388 2796 poenitentibus
405 2736 520 2796 quoque
538 2716 694 2778 substratis
709 2717 776 2778 inde
793 2738 830 2780 ex
845 2739 899 2779 sua
916 2721 951 2779 art
968 2717 1098 2780 ultimam
1115 2717 1268 2778 stationem

49 2803 255 2883 surgentibus,
282 2823 394 2864 omnem
419 2802 537 2884 culpam
562 2802 615 2865 illn
635 2823 771 2865 manuum
795 2805 980 2884 impositione
1004 2807 1269 2864 condonatam-re-

48 2893 233 2971 missamqne
249 2889 353 2968 foisse,
372 2893 458 2952 donet
475 2893 504 2952 in
520 2891 825 2954 animaduersionibus
843 2893 873 2954 in
890 2895 1080 2971 Epiphaniam
1096 2897 1137 2952 tl.
1154 2893 1227 2952 251.
1242 2912 1268 2952 ι.

5 2967 9 2992 '
48 3015 91 3026 -
118 2977 148 3060 §.
163 2977 195 3040 4.
228 2978 305 3040 Huic
330 2975 492 3042 sententiaa
520 2997 556 3040 ex
581 2978 682 3060 periris
707 2978 908 3060 antiquitatum
928 2997 1078 3040 sacrarum
1098 2978 1269 3040 doctoribus

49 3065 208 3143 nerninem,
235 3068 313 3146 quod
340 3066 414 3140 scio,
436 3066 664 3130 consentientem
690 3067 734 3128 vir
757 3069 860 3128 doctus
884 3063 996 3128 habuit.
1042 3065 1186 3146 Equidem
1209 3086 1269 3126 nou

49 3175 140 3233 nego,
164 3153 382 3234 poenitentibus
401 3154 431 3214 in
458 3152 541 3226 tertio
558 3157 663 3233 gradu,
689 3154 850 3234 iisdemque
869 3153 948 3216 lumi
969 3153 1132 3234 prostratis,
1155 3152 1269 3214 insin·
1382 3162 1389 3180 ⁸

48 3241 133 3322 gulis
152 3241 215 3302 lere
233 3241 397 3324 synaxibus
418 3260 534 3304 manum
554 3244 592 3303 ab
613 3243 751 3324 episcopo
768 3241 862 3304 luisse
881 3241 1058 3323 impositam,
1083 3240 1182 3304 addita
1200 3260 1270 3302 orn-

49 3331 148 3406 riooe,
175 3348 249 3408 quae
272 3349 375 3391 manus
401 3328 616 3410 impositionem
641 3333 837 3412 sequebaturq
862 3333 898 3392 ad
922 3329 1055 3392 ultimum
1080 3329 1183 3392 deinde
1207 3323 1270 3414 τῶν

48 3415 283 3493 συνισταμένων
300 3416 429 3478 ordinem
446 3429 592 3497 promotos
612 3439 707 3480 rernm
725 3429 753 3480 et
770 3417 933 3480 divinarum
949 3417 975 3478 ei
996 3419 1188 3480 humanarum
1206 3415 1269 3477 fere

49 3504 191 3580 omnium,
211 3525 330 3584 precum
345 3504 489 3585 imprimis
510 3525 575 3567 cum
594 3506 700 3569 ceteris
717 3504 855 3568 fidelibus
871 3504 1011 3568 babuisse
1027 3504 1270 3568 communionem.

47 3595 86 3656 At
102 3590 157 3653 illa
174 3612 312 3654 manuum
327 3592 512 3673 impositione
529 3596 656 3656 nondum
674 3593 855 3656 reconciliati
872 3594 956 3656 fuere
973 3592 1154 3673 poenitentes
1171 3590 1270 3654 eecle-

48 3681 123 3742 siae.
161 3678 352 3758 Communia,
373 3683 409 3742 nd
430 3699 516 3760 qnam
533 3669 753 3758 συνιστάμενοι
770 3681 1006 3757 admittebantur,
1027 3678 1190 3742 communio
1208 3687 1271 3742 erat

48 3766 141 3850 χωρὶς
157 3765 347 3848 προσφορᾶς,
371 3766 514 3828 κοινωνία
536 3765 593 3846 τῆς
612 3761 713 3848 εὐχῆς,
738 3790 796 3830 non
820 3765 963 3830 mosronia
986 3765 1048 3829 eain
1063 3759 1269 3848 dyrnonriems.

47 3856 119 3918 Han
138 3854 191 3916 illa
215 3854 336 3929 iaciunt,
360 3875 435 3936 quae
454 3855 484 3914 iu
503 3855 667 3916 canonibus
690 3855 861 3936 frequenter
879 3866 1053 3917 occurrunt:
1078 3863 1200 3924 Ρνοιιιιιι,
1212 3877 1272 3917 csse

47 3950 223 4024 participum,
247 3949 449 4026 communicare
466 3945 591 4022 precibus
606 3950 666 4005 eine
684 3945 829 4019 oblatione,
855 3953 883 4004 et
902 3945 977 4022 quod
997 3945 1164 4004 tantundem
1183 3941 1269 4020 valet,

48 4053 106 4094 non
127 4036 329 4092 communicare
354 4036 463 4110 comari
482 4033 592 4092 utristi.
638 4031 739 4106 Quare
766 4030 850 4092 nolas
874 4039 945 4106 ernt,
971 4030 1015 4090 vel
1036 4050 1089 4091 eos
1104 4032 1140 4092 ad
1159 4029 1269 4092 eueha-

48 4117 164 4180 ristiam
180 4117 227 4178 rel
252 4115 416 4179 oblationes
435 4137 533 4178 eorum
552 4119 588 4177 ad
606 4115 699 4179 altare
715 4119 875 4191 admittere,
895 4116 1034 4197 quamdiu
1051 4117 1080 4178 in
1097 4119 1153 4178 hoc
1169 4117 1272 4178 ordine
1385 4153 1392 4158 -

49 4205 268 4268 detinebantur.
313 4206 375 4268 lans
399 4203 449 4286 qui
474 4204 515 4266 rei
534 4206 608 4266 adeo
627 4224 731 4266 sacrae
749 4226 805 4266 usu
822 4205 941 4266 arcendi
961 4215 1051 4280 orant,
1073 4205 1094 4266 ii
1118 4223 1173 4267 uec
1193 4205 1271 4266 omni

49 4293 140 4373 eulpa
163 4312 347 4356 raonrenee
370 4291 523 4355 criminum
550 4291 637 4372 plane
662 4291 786 4354 absoluti
814 4291 870 4353 diei
896 4303 1038 4372 poterant.
1086 4293 1130 4356 lla
1156 4295 1270 4354 demum

49 4375 175 4470 privatio
207 4380 335 4448 maxima
358 4400 472 4478 poenae
497 4377 658 4442 canonicae
688 4399 758 4461 pars
782 4379 947 4444 habebatur
977 4379 1123 4446 eeclesias
1142 4377 1271 4472 judicio.
