2944 4890
509 165 783 266 tetrantorum.
1135 212 1139 226 '
1190 203 1276 296 325,

14 373 75 438 Uti
100 371 179 435 enim
199 369 309 454 scripta
325 368 380 438 illa
399 373 507 452 omnia,
528 395 604 457 quac
621 375 775 439 obfirmare
793 375 977 440 Christianos
995 377 1025 438 in
1043 381 1168 441 tenenda
1186 378 1254 444 fidei
1346 439 1349 448 ,

13 461 221 565 professione
244 468 392 542 poterant,
415 463 540 526 flammis
560 465 727 546 adjudicata
746 477 831 544 suot,
863 466 903 528 ita
919 467 1049 547 profecto
1069 470 1170 529 eodem
1192 469 1253 531 fato

15 551 187 614 interiissc
209 561 368 632 martyrum
389 552 604 614 cohortationes
626 555 803 614 credendum
824 564 884 631 est,
908 555 1085 635 'praesertim
1106 577 1171 616 cum
1195 556 1254 636 ipsi

8 651 176 721 martyres
201 649 260 700 tum
280 639 453 720 hymnorum
472 640 654 715 cantatione,
680 652 739 704 tum
760 640 930 721 Scripturas
950 643 1149 736 adpellatione
1166 644 1252 704 iden·
1294 648 1296 653 '

16 730 122 833 tidem
140 725 277 808 prohibiti
294 725 413 790 facerint.

73 815 178 894 ¹24)
212 815 246 875 ln
266 833 379 876 summo
397 834 470 878 rasa
492 835 579 877 sacra
603 817 714 878 honore
739 815 886 879 veteribus
909 815 1008 878 habita
1031 816 1125 878 fuisse
1148 819 1252 898 negari

16 903 151 985 nequit,
177 904 250 964 adeo
275 912 307 964 ut
330 923 389 963 nou
412 903 594 982 singularem
613 913 721 966 tantum
745 903 821 984 ipsis
840 905 934 966 locum
952 924 1068 966 sacrum
1089 907 1252 984 tribuerint,

8 995 81 1054 ised
111 991 199 1053 etiam
217 989 335 1071 publica
351 991 524 1052 auctoritate
543 993 747 1054 constituerint
764 992 882 1052 illorum
903 993 1086 1076 custodes
1061 1014 1123 1054 sive
1143 1015 1253 1056 uaeco-

18 1075 186 1154 φύλαιιες,
203 1097 278 1159 quos
296 1079 509 1158 presbyteros
501 1080 636 1159 inprimis
653 1087 741 1162 atque
759 1080 786 1140 di
790 1099 899 1142 ιιιιιιιοι
917 1101 983 1142 ιιιι
1000 1079 1175 1156 voluerunt,
1195 1082 1252 1146 vid.

17 1165 189 1246 Biughami
217 1171 294 1244 Orip.
312 1169 414 1228 Erotes.
431 1165 461 1242 2,
480 1189 508 1247 p.
526 1171 603 1230 73³.
628 1180 655 1230 et
678 1167 700 1228 3
702 1191 754 1248 ,.p
772 1170 873 1230 337⁸.
920 1168 1005 1230 Unde
1023 1189 1089 1229 curn
1110 1128 1253 1232 tradenda

19 1261 141 1330 essent,
160 1254 197 1314 ab
215 1253 275 1314 illis
292 1254 476 1334 potissimum
488 1275 528 1335 ,ca
545 1255 706 1335 efflagitata
722 1256 817 1316 fuisse
832 1253 971 1335 legimus,
988 1278 1153 1337 quanquam
1171 1267 1199 1318 et
1214 1261 1251 1318 ab

20 1341 183 1422 episcopis
201 1341 328 1421 aliisque
346 1341 462 1403 clericis
480 1342 641 1404 minoribus
657 1343 804 1423 postulata
820 1343 888 1405 sint.
915 1345 1053 1422 Tradidit
1069 1358 1147 1405 certe
1161 1345 1252 1424 impin
1313 1335 1318 1347 ¹

18 1430 80 1492 illa
97 1429 279 1492 Cirtensium
298 1432 383 1490 turba
400 1429 571 1492 clericorum
589 1452 675 1511 quam
689 1431 814 1510 plurima
830 1450 900 1492 rasa
914 1451 1000 1492 sacra
1017 1441 1045 1494 et
1058 1432 1252 1494 instrumenta

8 1518 246 1590 ecclesiastica,
263 1537 339 1597 quae
354 1517 486 1580 studiose
502 1529 589 1580 antea
604 1519 721 1579 fuerant
738 1527 920 1594 conservata,
938 1519 1052 1580 scilicet
1069 1530 1098 1578 nt
1114 1520 1250 1582 manibus

21 1609 148 1670 tandem
169 1601 324 1684 gentilium
342 1617 562 1686 persecutorum
582 1606 612 1666 in
634 1605 764 1686 rapinam
786 1608 932 1666 cederent.
978 1605 1030 1674 Sic
1049 1608 1123 1667 enim
1145 1610 1251 1670 docent

17 1697 94 1774 ipsa
121 1704 189 1755 actu
209 1691 328 1773 publica
361 1693 404 1772 (in
430 1693 524 1772 gestis
545 1696 622 1774 apud
647 1691 843 1774 Zenophilum
872 1715 899 1772 p.
920 1715 956 1754 m.
978 1695 1081 1771 lb8.),
1109 1695 1248 1774 scripturn

21 1783 125 1844 fuisse
144 1781 311 1859 catalogum
329 1801 438 1856 eorum,
457 1802 532 1862 qnae
549 1785 626 1862 apud
647 1781 775 1842 Felicem
792 1781 936 1842 derminem
953 1780 996 1841 illi
1015 1795 1248 1861 congesserant:

21 1871 169 1932 nimirum
188 1867 297 1930 calices
321 1869 396 1929 duos
421 1889 545 1945 aureos,
570 1870 637 1930 item
658 1869 766 1930 calices
784 1889 837 1930 sex
855 1879 1030 1948 argenteos,
1055 1870 1174 1931 urceola
1193 1891 1247 1932 sex

21 1965 182 2038 argentea,
199 1953 414 2017 cuccumellum
432 1967 615 2036 argenteum,
633 1957 771 2018 lucernas
787 1969 944 2034 argenteas
962 1968 1081 2036 septem,
1099 1958 1249 2026 cereofala

23 2051 103 2123 dno,
130 2043 271 2106 candelas
289 2044 394 2106 breves
417 2063 529 2106 aeneas
550 2063 614 2106 cum
640 2044 705 2120 lnce
709 2045 769 2107 ruis
788 2045 852 2105 suis
877 2055 1004 2125 septem,
1024 2045 1091 2106 item
1112 2045 1249 2108 lucernas

23 2154 138 2196 aeneas
159 2131 293 2193 undecim
315 2151 381 2194 curu
401 2131 512 2194 catenis
537 2132 618 2207 suis,
638 2133 753 2194 tunicas
774 2131 932 2193 muliebres
952 2133 1011 2205 82
1037 2133 1175 2194 mafortea
1196 2135 1249 2210 38,

8 2223 147 2284 tunicas
165 2219 265 2282 viriles
282 2220 329 2293 16,
348 2218 426 2293 calice
410 2240 511 2280 rarum
528 2179 654 2281 virilidm
670 2221 752 2301 paria
769 2222 816 2297 13,
835 2230 862 2281 ιι
878 2179 1061 2280 muliebrium
1074 2220 1127 2296 47,
1145 2220 1248 2324 coplas

24 2311 197 2372 rusticanas
216 2308 274 2381 19
300 2307 376 2370 conf.
394 2307 590 2388 Binghamum
612 2313 689 2386 Ortp.
708 2311 782 2370 Erct.
800 2269 831 2383 3,
855 2329 884 2386 ιι.
902 2309 974 2366 292.
1021 2308 1226 2387 Ιιιιιιιιιιιιιι
1218 2329 1248 2367 ιιι

18 2397 121 2478 gestis
151 2393 335 2476 purgationis
360 2395 473 2456 Felicis
506 2398 633 2474 Αιιιιιιιιι.
661 2415 690 2474 p.
719 2415 755 2456 m.
782 2393 889 2454 lota.
933 2391 1027 2454 attus
1054 2392 1247 2455 Caecilianus

8 2484 193 2560 confitetur,
213 2504 249 2544 ex
268 2483 342 2558 loco,
367 2483 416 2543 ubi
435 2481 581 2544 orationes
599 2481 742 2542 celebrari
759 2479 981 2554 consueverint,
1007 2477 1112 2542 tulisse
1130 2502 1163 2542 se
1182 2502 1249 2543 cum

8 2609 10 2618 =
25 2573 149 2634 Gaiano
167 2580 194 2632 et
210 2569 333 2650 reliquis
349 2569 439 2634 sociis
455 2571 518 2633 suis
535 2568 702 2631 cathedram
720 2578 748 2630 et
764 2567 904 2648 epistolas
922 2569 1110 2630 salutatorias
1127 2581 1155 2632 et
1172 2571 1249 2636 ostia

25 2660 127 2722 omnia
153 2647 247 2720 fuisse
272 2659 432 2720 combusta.
478 2659 568 2718 Forte
594 2655 653 2718 hue
679 2677 796 2738 qnoque
819 2657 960 2737 pertinet,
993 2660 1071 2738 quod
1092 2658 1248 2722 Secundus

26 2747 220 2824 tigisitanus
246 2745 277 2806 in
295 2765 351 2806 sun
374 2749 410 2806 ad
430 2744 612 2807 llllensurium
630 2744 801 2824 Carthagin.
821 2744 905 2825 epist.
925 2745 1114 2824 responsoria
1134 2746 1248 2825 scribit,

25 2835 153 2916 petiisse
179 2852 249 2895 ase
267 2842 334 2914 post
354 2832 473 2894 codices
501 2851 603 2895 sacros
629 2843 834 2912 persecutores
858 2831 961 2892 ecbola
984 2834 1144 2911 quaedam,
1172 2853 1248 2912 qnae

25 2933 126 2986 tamen
150 2921 249 2983 itidem
276 2941 335 2982 non
355 2922 483 2997 dederit,
516 2923 594 3002 apud
617 2919 815 3000 Augustinum
849 2918 901 2996 (in
929 2926 1034 2980 Brevis.
1060 2923 1160 2981 Gottot.
1184 2941 1248 2984 oum

28 3021 136 3073 Donat.
150 3012 178 3072 d.
193 3010 223 3072 3.
241 3031 264 3072 ι.
279 3008 333 3090 8.).
364 3007 467 3070 Malim
484 3007 560 3070 enim
578 3008 680 3070 ecbola
697 3028 761 3069 cum
779 3005 963 3068 doctissimis
974 3005 1132 3068 Monachis
1146 3009 1247 3070 Rene-

26 3099 150 3161 dictinis
166 3097 197 3157 in
217 3099 418 3158 notuerint.
441 3098 476 3158 de
501 3096 700 3177 ejectamentis
720 3094 886 3173 intelligere
906 3093 968 3154 sive
988 3095 1095 3172 rebus,
1122 3101 1251 3174 quarum¹

26 3187 128 3248 nullus
154 3193 199 3246 cst
217 3205 307 3260 usus,
333 3203 418 3286 quum
438 3187 473 3246 de
491 3183 663 3263 fragmentis
684 3183 846 3245 divinorum
867 3181 1000 3244 codicum
1018 3203 1082 3243 cum
1101 3203 1246 3264 anonymo

8 3276 79 3336 illo
104 3274 266 3353 interprete
283 3271 442 3352 Augustini
452 3294 565 3354 ,quem
587 3271 685 3334 citavit
702 3270 770 3333 Car.
790 3272 840 3332 Du
856 3270 1003 3332 Fresne
995 3291 1025 3330 nn
1046 3273 1193 3334 Glossario
1209 3275 1248 3332 od

26 3371 178 3444 scriptores
196 3363 301 3422 medina
316 3372 340 3420 et
355 3361 468 3436 infimae
483 3363 671 3422 iutinttnties.
689 3381 747 3422 ooo.
763 3361 892 3421 echelum.
925 3359 1059 3419 Fuerunt
1077 3361 1151 3420 enim
1171 3359 1248 3422 aliae

27 3471 118 3514 voces
142 3449 173 3509 iu
199 3459 350 3530 promptu,
376 3467 452 3529 quae
477 3448 502 3508 si
527 3449 574 3508 hio
599 3445 735 3510 vocabuli
761 3467 867 3507 sensus
892 3455 970 3506 esset
990 3449 1153 3528 notandus,
1181 3467 1248 3508 eum

26 3539 182 3601 declarare
203 3543 374 3618 potuerant,
401 3546 427 3596 et
447 3535 605 3598 ostendit
597 3557 718 3616 insuper
741 3535 826 3594 locus
849 3531 1028 3614 parallelus,
1054 3533 1162 3595 aviris
1185 3531 1247 3595 illis

27 3626 151 3689 eruditis
163 3646 201 3686 ex
216 3627 263 3688 at.
274 3627 304 3686 3.
320 3635 416 3686 contro
430 3629 606 3686 cresconium
621 3646 643 3686 o.
658 3625 710 3685 29.
726 3625 895 3695 advocatus,
913 3619 1085 3696 infamissime,
1103 3643 1133 3682 ιιι
1126 3621 1247 3700 'fallor,

27 3716 132 3778 ecbola
150 3715 185 3774 nd
206 3712 331 3774 nativam
348 3732 431 3772 suam
451 3712 594 3791 originem
614 3733 664 3791 pro
682 3709 880 3791 ejectamentis
896 3711 1030 3771 habenda
1048 3729 1125 3770 esse.

101 3802 174 3880 ¹25)
202 3801 335 3880 Digitum
361 3820 414 3860 nos
432 3799 481 3861 hic
505 3801 533 3860 ia
560 3799 706 3860 tabularia
726 3795 930 3860 ecclesiastica
947 3804 1076 3860 veterum
1095 3797 1247 3860 intendere

26 3910 112 3952 nemo
138 3910 195 3950 non
215 3889 309 3965 ridet,
338 3888 500 3968 dequibus
524 3888 594 3948 licet
617 3909 674 3947 non
695 3889 794 3947 eadem
809 3886 941 3946 omnium
961 3885 1069 3966 ubique
1095 3888 1249 3948 doctorum

27 3978 64 4038 sit
88 3977 245 4049 sententia,
264 3975 396 4037 extitisse
414 3985 508 4036 tamen
526 3976 577 4037 illa
594 3996 652 4036 non
675 3973 850 4036 Diocletiani
869 3982 978 4034 ιιιιιιιιιιι
997 3994 1079 4046 aevo,
1099 3978 1150 4036 sed
1168 3975 1248 4035 anti-

26 4066 315 4146 quioribusquoqne
335 4064 530 4144 temporibus,
555 4065 631 4123 haud
656 4063 809 4144 qnisquam
836 4071 942 4122 temere
960 4061 1148 4124 inficiabitur.
1181 4064 1248 4136 Non

25 4154 87 4215 falli
107 4163 204 4229 certe,
228 4151 394 4234 quicunque
411 4151 608 4213 vetustissimo
625 4151 732 4231 Ignatii
752 4148 914 4211 testimonio
935 4149 1044 4210 inducti
1066 4153 1197 4224 credunt,
1217 4151 1249 4210 in

27 4239 167 4302 ecclesiis
187 4240 254 4301 olim
280 4239 493 4300 celebrioribus
511 4237 657 4301 tabularia
682 4237 824 4321 ejusmodi
845 4237 996 4314 extitisse,
1021 4237 1162 4300 fracillime
1182 4238 1247 4298 hni-

26 4332 211 4411 inndvertet,
248 4328 295 4388 cni
323 4327 424 4406 legere
456 4327 507 4389 ilfa
538 4325 700 4408 placuerit,
735 4347 809 4408 quac
843 4328 879 4386 ad
917 4323 1133 4406 explanandum
1169 4323 1247 4384 offerti

26 4417 176 4498 lgnatiaui
209 4436 329 4480 sensum
355 4415 474 4497 copiose
501 4417 612 4478 monuit
635 4417 679 4480 Jo.
705 4415 827 4478 Fcihius
846 4417 879 4476 ιιι
905 4437 973 4478 carc
997 4422 1096 4478 ceteris
1121 4417 1249 4473 ecclesiae
