2944 4890
157 219 162 230 Ι
225 239 289 322 8ιῦ
512 309 516 318 ,
560 242 684 314 XLV.
710 189 1100 332 'Durobriusi’onriniusff'
1170 289 1173 295 -
1214 283 1226 297 ··

224 431 329 496 salutis
352 423 427 493 ³³6.
451 422 686 508 Gregorius'lii.
704 419 781 506 papa
800 421 941 502 basilicae
961 420 1038 488 beati
1055 416 1151 488 Marci
1176 423 1224 488 via
1241 421 1339 506 Appia
1358 417 1440 486 eirtrn
1459 429 1460 438 ’

224 523 325 583 urbem
344 518 429 594 sitae,
448 525 554 578 tectam
573 515 698 576 dirutum
715 515 751 574 de
767 531 841 574 noro
858 503 971 592 reiecit,
995 513 1132 576 Pontifex
1147 510 1291 576 Nicolaus
1312 514 1350 574 od
1372 533 1440 574 roe·

225 607 373 671 meterinru
400 602 476 667 beati
501 602 597 665 Marci
623 599 803 663 consenseris
821 611 912 682 atquo·¹
933 601 1096 682 pontificis,
1124 603 1200 682 quod
1219 602 1296 662 inter
1317 601 1440 681 Appiam
1459 623 1460 628 ¹

224 695 472 774 Ardeatinamque
489 692 553 754 vias
572 689 697 773 positum
720 709 786 752 esse
803 689 1004 769 cognoscitur,
1029 699 1131 754 sancto
1149 689 1292 752 deductus
1311 701 1358 750 ιιι
1379 689 1440 769 spi·
1459 705 1460 714 ¹

223 785 291 860 ritu,
310 793 337 844 et
353 785 409 846 boo
425 779 521 842 multis
538 779 631 841 ruinis
649 786 875 859 conquassatum
891 777 1040 858 reperiens
1052 788 1139 859 atque
1149 777 1314 850 contritum,
1333 787 1441 838 conartu
1459 783 1460 842 ἶ

225 891 338 934 summo
361 869 497 934 ceierans
520 865 641 930 mirifico
664 865 828 927 construxit
845 886 880 928 ao
902 865 1068 944 decorarit,
1093 865 1241 947 divinique
1258 865 1361 926 cuitus
1378 883 1460 946 my-¹

224 960 359 1032 sterium,
385 959 459 1040 quod
480 954 586 1018 multos
604 975 656 1035 per
672 966 831 1035 temporum
850 973 956 1015 corsus
972 953 1168 1030 discesserat,
1194 953 1321 1015 restituit
1337 972 1377 1013 ao
1393 973 1439 1014 rc·
1459 1029 1460 1032 Ἴ

225 1047 377 1109 staurarit.
411 1043 518 1107 xviri.
547 1041 581 1106 0.
600 1043 633 1104 S.
651 1041 720 1104 tutti
739 1062 850 1122 papae,
876 1041 921 1103 ria
937 1041 1099 1118 Flaminia,
1118 1061 1209 1122 prope
1228 1040 1390 1102 eeclesiam
1410 1040 1439 1102 S.

225 1133 381 1208 Valentini,
400 1139 482 1193 extra
499 1149 598 1192 muros
614 1130 707 1191 urbis.
736 1131 840 1191 Adhuo
856 1138 951 1191 exstat
965 1129 995 1190 in
1013 1129 1097 1192 vinea
1109 1129 1228 1190 fratrum
1242 1129 1437 1204 cremitarum,

225 1221 337 1284 ordinis
354 1220 387 1282 S.
403 1217 572 1300 Augustini.
616 1217 696 1278 XiX.
717 1217 751 1278 C.
769 1216 801 1278 S.
818 1214 889 1278 tulit
906 1237 1010 1297 papae,
1026 1217 1075 1279 rio
1092 1214 1221 1279 Aurelia.
1267 1216 1334 1278 XX.
1356 1216 1392 1278 C.
1408 1217 1437 1277 S.

225 1309 293 1382 tutti
311 1308 480 1391 papnesria
498 1305 662 1369 Portuensi.
702 1303 780 1366 XXl.
798 1303 832 1366 C.
848 1304 879 1366 S.
894 1303 1014 1367 Damasi
1032 1321 1135 1386 papae,
1153 1303 1311 1366 intervias
1326 1305 1439 1366 Ardea·

175 1467 181 1482 .
225 1399 314 1460 tinam
332 1405 361 1458 et
374 1399 393 1457 A
399 1395 507 1477 opinor,
522 1393 552 1454 iu
569 1403 626 1473 q‘uo
639 1393 739 1474 jacent
752 1391 846 1454 sancti
859 1400 1001 1476 martyres
1012 1393 1177 1456 Processus
1190 1403 1218 1454 et
1228 1385 1439 1467 Martinianum,

224 1485 348 1567 ipseque
372 1485 520 1546 Damasus
546 1501 610 1542 cum
640 1491 730 1542 nnatre
757 1489 785 1542 et
817 1499 928 1543 sorore.
962 1480 1227 1542 Bibliothecnrius:
1260 1479 1346 1557 „Hir
1373 1480 1440 1541 iecit

225 1574 368 1635 basilicas
384 1573 468 1648 duas,
492 1589 579 1632 uuam
596 1569 681 1651 juxta
698 1569 858 1645 theatrum,
876 1587 951 1648 quae
972 1568 1004 1630 S.
1024 1568 1175 1630 Laurentii
1194 1578 1332 1646 uocatur,
1353 1566 1439 1630 aliam

226 1663 273 1724 rin
297 1659 472 1735 Ardeatino,
504 1657 556 1718 ubi
580 1655 740 1738 requiescit
766 1655 795 1716 in
823 1655 1035 1719 catacumbis.“
1078 1655 1199 1718 Damasi
1231 1656 1460 1717 coemeterium

224 1758 420 1812 restauratum
439 1753 483 1808 ost
498 1765 516 1807 a
532 1745 646 1806 Joannc
662 1743 728 1808 ab.
744 1761 829 1824 papa.
859 1742 954 1805 xxtt.
973 1744 1007 1807 G.
1024 1743 1057 1806 S.
1074 1743 1222 1806 Anastasii
1236 1735 1346 1826 ‘iopam
1364 1745 1438 1804 intra
1459 1763 1460 1770 ¹

225 1841 343 1911 urbem,
366 1835 489 1914 regione
508 1831 609 1914 quinta
626 1830 792 1913 Esquilina,
818 1831 847 1891 in
865 1831 929 1892 rico
947 1831 1013 1894 Ursi
1031 1831 1146 1914 pileati,
1170 1852 1261 1913 prope
1279 1831 1436 1894 ecelesiam

188 1915 194 1930 “
226 1916 428 1996 8.·ἰιίιιὶιιιι,
445 1922 476 1982 in
493 1941 550 2001 quo
565 1922 669 2002 jacent¹
681 1921 757 1981 idem
776 1919 952 1982 Anastasius
970 1931 998 1981 ιι
1013 1919 1202 1982 innocentius
1219 1940 1323 2000 pernae.
1357 1923 1436 1981 Ana-

225 2012 335 2074 stasius
353 2009 608 2070 bibliothecarios:
630 2006 825 2081 ‚Anastasius
841 2029 917 2088 papa
935 2006 1069 2088 sepultus
1085 2019 1129 2070 ιιι
1144 2007 1173 2069 in
1191 2007 1369 2069 coenreterio
1386 2028 1438 2068 suo
1459 2017 1460 2028 ¹

225 2103 261 2180 nd
280 2098 387 2160 Ursum
403 2095 572 2176 pileatum.“
606 2094 696 2156 Liber
713 2093 861 2156 Consuum
881 2094 1074 2158 bibliothecae
1090 2095 1267 2160 Vaticanus:
1287 2095 1438 2176 „Antiqua

131 2243 133 2247 ,
226 2175 412 2270 inscriptio:¹
430 2184 514 2244 Anno
545 2179 664 2244 Domini
690 2211 732 2227 -
762 2203 861 2244 ruense
887 2181 1007 2245 Octobri
1040 2217 1077 2230 -
1107 2183 1319 2264 dedicationem
1352 2184 1460 2263 bujus¹

225 2272 370 2336 ecciesiae
393 2281 558 2332 sanctorum
584 2279 740 2351 martyrum
758 2267 918 2351 Sirnpiirii,
938 2269 1073 2333 Faustini
1099 2283 1127 2334 ιι
1145 2270 1290 2333 Beatricis
1312 2273 1349 2332 ad
1369 2291 1438 2332 roe·
1459 2287 1460 2294 ¹

222 2362 373 2425 motorium
387 2356 454 2422 Ursi
471 2356 582 2440 pileati,
596 2358 681 2438 juxta
697 2357 818 2418 formam
832 2357 948 2420 Claudii
964 2361 1000 2420 nd
1019 2369 1130 2440 portam
1142 2359 1317 2422 Taurinam.
1341 2360 1439 2435 Onam

223 2451 333 2532 primus
346 2449 409 2509 Leo
427 2467 502 2527 papa
520 2445 647 2507 maxima
663 2445 815 2507 Acr‘otione
833 2465 899 2507 eum
915 2443 1101 2526 induigentia
1117 2455 1145 2508 et
1161 2445 1331 2508 renuissions
1349 2447 1440 2507 trium
1459 2455 1460 2514 1

223 2544 365 2599 annorum
392 2544 419 2594 et
443 2533 487 2596 40
512 2527 622 2596 dierum
648 2531 728 2595 iecit.
772 2533 802 2594 in
831 2554 887 2614 quo
912 2535 1085 2596 coemeterio
1103 2534 1294 2616 requiescunt
1312 2541 1440 2615 quatuor

223 2623 316 2684 mibin
331 2622 394 2682 257
414 2635 538 2700 corporo
553 2629 731 2697 structorum,
748 2621 880 2700 oxo'eptis
896 2621 1073 2702 parvulis‘ot
1088 2622 1294 2684 maiieribus.“
1328 2622 1437 2687 XXiil.

224 2711 257 2774 0.
276 2709 309 2773 S.
327 2708 473 2770 Hermetis
492 2708 637 2789 martyris,
655 2705 731 2768 alias
749 2719 915 2770 sanctorum
933 2709 1079 2772 Hermetis
1098 2720 1125 2771 et
1140 2709 1310 2772 Domitillae
1328 2720 1438 2792 marty-

222 2819 303 2874 rum,
323 2795 439 2858 iactum
457 2793 615 2874 a-Peiagio
635 2814 710 2876 papa
726 2793 764 2856 11.
808 2795 914 2861 XXIV.
932 2796 966 2859 0.
983 2796 1015 2858 S.
1039 2794 1209 2858 Nicomedis
1226 2799 1393 2880 presbyteri
1414 2807 1439 2860 ct

224 2884 369 2967 martyris,
387 2884 435 2946 ria
452 2883 619 2958 Ardeatino,
638 2881 735 2964 lapide
753 2884 789 2942 ab
809 2883 880 2946 urbo
897 2884 1030 2964 septimo,
1050 2893 1230 2948 exstructum
1248 2905 1267 2946 a
1282 2885 1438 2947 Bouiiacio

117 3037 125 3046 ,
223 2973 260 3036 V.
276 2992 363 3052 papa.
393 2969 657 3032 Bibliotbeearius:
685 2968 769 3047 „Hic
787 2970 910 3049 perierit
928 2973 1132 3035 coemeterium
1156 2973 1250 3038 sancti
1266 2973 1438 3036 Nicomedis
1459 2991 1460 2994 ¹

195 3130 198 3142 ,
224 3070 252 3122 et
272 3051 418 3124 ¹dedicarit
441 3057 546 3121 tttmtr‘
591 3056 683 3120 XXV.
708 3055 977 3138 astiagensis,
1002 3059 1048 3122 ria
1066 3061 1257 3124 Nomentana.
1289 3061 1439 3124 Damasus
1459 3067 1460 3090 ³

221 3148 251 3210 iu
267 3150 377 3210 usbon
393 3167 482 3227 popo:
500 3145 654 3222 ,Rediens
666 3143 790 3206 Romam
802 3145 941 3210 Liberius
955 3167 1042 3228 papo,
1060 3148 1201 3210 habitarit
1215 3149 1245 3209 iu
1261 3150 1438 3211 coemeterio

221 3236 255 3298 S.
279 3234 445 3313 flagretis,
476 3234 553 3313 apud
579 3250 749 3316 germanam
781 3231 945 3311 Constantii
970 3236 1096 3312 Augusti
1121 3235 1356 3300 Constantiam.“
1402 3233 1460 3318 Et,

222 3320 322 3405 pauido
339 3319 434 3381 inira:
456 3319 667 3395 „Constantius
685 3323 837 3398 Augustus
856 3321 1004 3383 revocarit
1019 3321 1170 3384 Liberium
1182 3333 1290 3405 ‘papam
1309 3326 1348 3384 de
1368 3344 1438 3386 roe·
1459 3323 1460 3360 i

221 3407 340 3474 suetonio
358 3407 392 3470 S.
409 3406 584 3486 Hagnetis.“
628 3408 674 3469 Do
693 3407 749 3467 b'oo
767 3408 847 3490 ioqui
866 3419 934 3490 puto
951 3408 1157 3472 Marcellinum
1174 3409 1227 3474 lib.
1239 3411 1293 3473 21.
1308 3411 1362 3472 ubi
1380 3412 1437 3474 ait:
1459 3415 1460 3490 ξ

221 3493 644 3578 „iuiinnnsCaesarHolouae
662 3495 799 3576 conjugis
816 3495 973 3558 deiunctae
986 3497 1391 3579 supremamiseratRoruaru
1410 3501 1438 3560 iu
1459 3493 1460 3586 i

222 3585 365 3648 suburbio
382 3583 448 3645 riae
463 3578 665 3645 Nomentanae
681 3585 850 3662 condenda,
874 3583 924 3646 ubi
941 3605 1017 3646 uxor
1034 3607 1149 3672 quoque
1166 3584 1264 3664 Galli,
1288 3589 1437 3668 quondam

222 3689 308 3736 soror
323 3673 399 3753 ejus,
416 3668 532 3751 sepulta
551 3681 594 3732 est
612 3667 836 3735 Constantina.“
869 3673 1034 3734 Damasus:
1049 3674 1211 3750 „Liberius
1229 3691 1306 3754 papa
1323 3675 1439 3738 ornarit

221 3764 258 3822 de
273 3759 392 3842 platiuis
409 3757 579 3820 marmoreis
596 3764 682 3819 retus
701 3759 888 3840 sepulchrum
905 3759 938 3822 S.
958 3760 1102 3840 Hagnetis
1120 3761 1287 3844 martyris.‘¹
1319 3761 1438 3824 Biblio-

221 3847 383 3908 tbccarius:
407 3845 621 3922 „Innocentius
640 3857 716 3927 papa
733 3847 880 3908 constituit
897 3847 1052 3910 ecelesiam
1071 3850 1175 3912 beatae
1191 3847 1340 3927 flagretis
1359 3871 1438 3912 nar-

220 3931 291 4013 tyris
312 3933 524 4016 opresbytoris
540 3934 696 4014 Leopa'rdo
713 3942 741 3995 ιι
759 3933 883 3997 Paulino
899 3935 1059 4014 gubernari
1077 3945 1105 3999 ιι
1120 3957 1219 3998 eorum
1237 3936 1437 3999 sotttoirudim

220 4017 284 4096 regi
308 4031 335 4080 et
359 4021 468 4084 ornari.
500 4019 674 4082 Boniiarius
702 4033 777 4103 papa
801 4023 848 4084 die
874 4023 1020 4102 pasobae,
1052 4023 1130 4088 sicut
1153 4026 1336 4105 consuetodo
1364 4037 1436 4104 erat,

222 4105 381 4167 celebrarit
405 4107 580 4189 baptismum
612 4107 642 4168 in
662 4109 784 4171 basilica
807 4109 840 4172 S.
864 4109 1016 4192 Hagnstir
1037 4113 1188 4196 martyris,
1220 4132 1306 4194 quoru
1332 4113 1436 4176 ruinae

220 4191 382 4276 proximam
401 4213 465 4256 ourn
482 4194 584 4266 abside
604 4197 752 4260 renovarit
768 4197 961 4278 Symmachus
979 4203 1090 4280 papa‘t
1118 4199 1223 4263 XXVI.
1247 4199 1281 4262 G.
1298 4199 1334 4264 S.
1352 4201 1436 4264 Feli·

222 4279 318 4342 o'itatis
337 4281 482 4361 martyris,
499 4283 546 4342 ria
561 4277 688 4357 Salaria,
703 4284 734 4345 in
752 4303 809 4365 quo
822 4283 994 4347 Boniiacius
1011 4305 1088 4367 papa
1103 4287 1238 4368 sepultus
1256 4295 1310 4349 esi.
1343 4289 1435 4350 Boui-

220 4366 317 4428 incius
341 4385 419 4444 papa
442 4366 510 4428 iecit
527 4369 684 4431 oratorium
708 4372 737 4431 in
755 4371 930 4434 coemeterio
953 4373 986 4436 S.
1006 4374 1188 4453 Foiicitntis,
1214 4375 1303 4456 juxta
1330 4396 1434 4458 corpus

223 4454 305 4536 ojus,
336 4453 423 4535 cujus
449 4461 476 4514 et
500 4452 533 4516 S.
551 4451 835 4548 silvanisepulcm
853 4453 1026 4543 exorsurit,
1051 4464 1102 4526 ubi
1126 4461 1224 4548 posuit
1248 4462 1323 4527 baec
1343 4467 1434 4528 doun:
