2944 4890
233 295 297 360 308
618 355 625 368 ,
669 285 773 364 halt.
804 295 870 362 dlb.
883 295 1009 360 Frikius

224 472 296 554 pari
315 473 399 533 modo
427 465 513 534 etiam
537 469 660 534 flammis
679 472 835 536 tradidisse
858 473 981 550 noxios,
1010 480 1041 534 nt
1063 470 1327 546 dilucidabuntur,
1348 467 1438 542 libros,

232 559 366 641 exemplo
382 561 495 622 Numae
511 559 646 640 Pompilii
664 569 787 623 constat.
822 562 919 642 Hujus
936 561 1011 622 euim
1029 581 1093 622 cum
1109 557 1179 639 libri
1196 557 1310 637 septeni
1328 555 1361 616 iu
1377 577 1438 635 agro

231 649 269 712 L.
284 645 391 710 Petillii
411 648 552 722 Scribae,
571 648 649 710 arcis
672 647 796 729 lapideis
818 647 937 727 inclusi,
960 647 1167 729 reperirentur,
1187 654 1274 727 atque
1290 647 1340 724 ,ad
1362 665 1440 724 prae-

232 747 322 798 torem
339 739 483 798 urbanum
500 735 527 811 0
544 734 689 798 Petillium
708 737 900 812 deferrentur,
918 737 1074 812 homiaem,
1100 747 1131 796 nt
1147 735 1271 811 videtur,
1298 731 1441 793 insulsum

232 834 260 885 et
278 834 394 904 praeter
412 845 471 886 rem
494 822 633 903 iniquum,
660 823 778 885 cremati
799 831 868 885 suut
886 825 960 886 forte
981 845 1036 884 non
1059 823 1135 899 mali,
1154 832 1260 884 senatu
1278 821 1309 880 id
1327 821 1443 902 jubente
1464 893 1465 896 Ἴ

231 913 327 974 adhuc
345 911 375 972 in
392 909 498 972 litteris
516 911 590 986 rudi,
614 911 643 972 in
662 923 822 992 conspectu
839 912 939 992 populi
960 911 1098 988 universi,
1119 932 1154 972 ex
1174 931 1209 972 ea
1225 908 1352 984 ratione,
1373 909 1443 988 quod

231 1009 349 1080 praetor
371 1019 404 1060 se
426 999 631 1080 jusjurandum
656 1001 726 1062 dare
751 1009 881 1080 paratum
899 1021 965 1062 esse
983 999 1095 1080 ajebat,
1118 997 1211 1059 libros
1230 1017 1285 1058 eos
1300 995 1364 1075 legi
1385 1016 1443 1056 ser-

230 1085 353 1166 varique
378 1107 435 1148 non
461 1096 605 1165 oportere.
650 1087 795 1148 Referunt
819 1089 894 1150 hanc
919 1109 980 1150 rem
1005 1087 1123 1167 copiose
1143 1085 1247 1148 Livius
1275 1084 1363 1164 laist.
1382 1105 1443 1144 rom.

230 1171 284 1247 40,
297 1172 363 1251 29.)
380 1184 409 1235 et
420 1173 592 1236 Lactantius
610 1173 712 1254 (divin.
724 1174 793 1238 inst.
805 1175 833 1251 l,
846 1178 912 1253 22.)
929 1176 977 1255 qui
995 1185 1088 1236 tamen
1105 1173 1280 1254 insipienter
1292 1171 1325 1232 id
1342 1171 1443 1232 lactum

231 1259 417 1341 pronunciat.
450 1266 539 1324 Istum
556 1260 648 1340 igitur
663 1283 773 1324 rnorem
791 1262 978 1324 comburendi
994 1262 1096 1342 libros,
1112 1260 1228 1340 priscae
1244 1260 1443 1322 Romanorum

230 1347 369 1429 religioni
388 1351 539 1427 adversos,
558 1348 715 1412 retinuisse
734 1350 820 1412 etiam
837 1349 1027 1432 imperatores
1045 1369 1175 1430 paganus
1195 1361 1326 1428 tempore
1348 1367 1443 1426 perse-

230 1436 355 1498 cutionis
374 1437 414 1497 ‚in
441 1436 626 1500 Christianos
649 1437 809 1512 excitatae,
844 1447 873 1500 et
897 1437 1049 1518 speciatim
1077 1436 1191 1518 quidem
1218 1434 1465 1508 Diocletianum

232 1533 316 1586 extra
333 1545 446 1586 omnem
464 1523 690 1589 controuersiam
709 1536 762 1590 est.
795 1525 886 1588 Veliru
903 1537 999 1588 tamen
1016 1535 1082 1586 aute
1099 1524 1195 1586 omnia
1211 1525 1304 1604 probe
1323 1521 1444 1584 discerni
1464 1599 1465 1606 ἵ

217 1621 378 1693 ,,1ωηροτει,
408 1624 464 1674 tum
484 1611 575 1691 illud,
603 1633 661 1692 quo
687 1623 795 1676 tantum
818 1616 854 1676 de
881 1611 965 1676 libris
990 1611 1223 1675 Christianorum
1242 1610 1383 1672 instituta
1408 1620 1444 1670 est

231 1700 364 1780 quaestio
389 1699 514 1780 simplex
537 1710 565 1762 et
587 1700 769 1780 indignatio,
803 1720 867 1762 cum
895 1701 1096 1764 combustione
1119 1702 1246 1760 nondum
1273 1699 1465 1780 conjuncta3¹

230 1797 290 1850 tum
313 1786 397 1862 illud,
422 1809 479 1868 qno
502 1787 576 1850 tradi
592 1787 671 1870 jussi
691 1798 760 1850 suut
775 1787 864 1850 iidem
884 1791 964 1850 etad
982 1809 1085 1868 rogum
1106 1787 1206 1868 inique
1225 1786 1363 1866 flagitati.
1407 1786 1442 1846 dd

229 1873 304 1958 illud
328 1878 404 1956 quod
430 1877 556 1953 adtinet,
583 1875 634 1936 din
653 1887 720 1938 autc
740 1875 914 1938 Diocletiani
935 1885 1075 1952 aetatem,
1097 1886 1125 1936 et
1149 1875 1265 1955 quidem
1282 1874 1346 1954 jam
1373 1873 1444 1934 circa

229 1962 316 2024 finem
340 1983 401 2026 sec.
418 1963 455 2024 11.
479 1963 524 2026 ael
543 1963 657 2026 initium
676 1963 728 2026 lll.
747 1973 779 2025 nt
801 1963 852 2026 alii
870 1961 979 2040 uolunt,
1002 1963 1214 2043 imperantibus
1234 1961 1319 2042 Sept.
1338 1963 1443 2023 Seuero

231 2059 260 2111 et
278 2050 423 2112 Antonino
442 2048 599 2114 Caracalla
617 2050 768 2130 indagatio
785 2050 925 2112 librorum
944 2051 1190 2113 sacrorum'facta
1207 2056 1260 2110 est.
1307 2048 1352 2109 lta
1372 2058 1443 2108 certe
1464 2107 1465 2116 ,

230 2156 286 2199 nos
310 2139 415 2200 docent
432 2139 506 2200 dcta
529 2136 752 2217 proconsularia
777 2146 933 2220 martyrum
952 2136 1184 2215 Scillitanurum,
1209 2135 1259 2218 qui
1278 2135 1365 2216 passi
1383 2143 1444 2197 sunt

230 2225 411 2305 Carthagine
430 2226 507 2290 XVI.
528 2224 598 2288 Kal.
616 2225 741 2306 augusti
766 2247 793 2288 a.
812 2226 881 2288 Chr.
899 2226 989 2304 200,
1011 2246 1086 2306 qaae
1109 2236 1174 2288 acta
1190 2229 1350 2286 servarunt
1366 2222 1444 2284 nobis

229 2319 289 2374 tum
309 2313 457 2376 Beronins
484 2317 675 2398 (unanima.
696 2321 774 2376 Pom.
789 2321 833 2394 td.
852 2317 891 2374 ud
908 2335 936 2375 n.
954 2316 984 2375 C.
1003 2316 1090 2394 302.)
1115 2323 1173 2375 tum
1198 2311 1403 2392 emendatiora
1421 2320 1443 2371 et
1464 2383 1465 2390 ἵ

213 2399 352 2466 ,meliora
374 2401 537 2464 Ruiuartus
564 2401 608 2482 (iu
634 2405 712 2463 Actia
734 2412 887 2477 marturum
905 2407 1020 2464 sinceris
1038 2411 1063 2462 et
1085 2405 1191 2462 aelectio
1213 2422 1242 2479 p.
1260 2400 1302 2459 86
1319 2396 1377 2480 ss.)
1396 2397 1443 2478 qui
1464 2393 1465 2410 ¹

228 2485 339 2550 illaad
369 2509 396 2552 a.
414 2489 488 2552 200.
518 2489 626 2550 rectius
650 2487 765 2564 retulit,
788 2488 888 2570 judice
907 2487 1071 2552 Moslremio
1098 2490 1145 2570 (de
1167 2497 1257 2548 oetute
1275 2490 1443 2568 Apoloqetici

231 2578 400 2636 Tertulliani
415 2586 440 2638 et
456 2583 536 2638 initio
554 2583 751 2656 persecutionis
765 2581 987 2639 Christianorum
1004 2579 1054 2636 arab
1071 2581 1179 2651 Seuero,
1198 2575 1225 2657 ξ.
1239 2576 1303 2651 10.)
1350 2574 1385 2634 In
1402 2571 1442 2632 his

230 2659 408 2725 Saturninus
426 2665 593 2744 proconsul,
611 2664 656 2727 vir
671 2665 824 2725 admodum
838 2665 995 2739 modestus,
1012 2666 1048 2725 ad
1061 2661 1226 2743 Speratum,
1244 2661 1294 2742 qui
1309 2662 1442 2741 princeps

215 2751 438 2829 *quodammodo
457 2751 559 2814 horum
584 2760 739 2832 martyrum
766 2762 843 2828 erat,
871 2751 929 2812 ait:
959 2756 1014 2826 Qui
1033 2761 1098 2815 aaut
1122 2753 1202 2828 libri,
1225 2771 1295 2829 quos
1320 2753 1443 2812 odoratis

179 2903 182 2910 ,
227 2837 366 2916 leqenteal
394 2842 432 2901 od
456 2862 526 2920 quae
551 2841 691 2918 respondit
713 2845 865 2919 speretur:
899 2844 1024 2912 erutuor
1047 2841 1188 2917 cnoapelio
1212 2843 1329 2898 Doruiui
1359 2843 1465 2904 nostri}

227 2929 295 2984 Jeau
315 2928 424 2999 Christi,
448 2938 474 2987 ot
495 2930 627 3007 epistolae
647 2934 738 2988 soracti
754 2929 839 2988 Pauli
850 2929 1001 3006 Apostoli,
1025 2936 1050 2986 et
1068 2947 1174 2987 omnem
1192 2927 1330 2986 diuinitus
1353 2931 1443 3004 inepi—
1464 2911 1465 2960 l

227 3021 320 3072 rutum
337 3020 515 3093 scripturum.
560 3013 643 3074 Haec
660 3013 724 3092 ipsa
739 3017 829 3076 verba
844 3024 941 3074 antem
958 3013 1059 3092 paullo
1077 3013 1162 3074 aliter
1179 3012 1328 3092 expressit
1346 3012 1444 3074 Codex
1464 3049 1465 3064 .

227 3093 295 3161 MS.
315 3099 515 3162 Bibliothecae
540 3101 727 3163 colbertinae
752 3103 842 3181 (ap'nd
862 3103 985 3162 eundem
1003 3100 1178 3162 Rniaartam
1203 3121 1233 3180 p.
1252 3101 1337 3178 89.):
1372 3104 1445 3174 Quor

226 3196 281 3275 cat,
306 3189 386 3249 dicite
404 3191 480 3264 mihi,
504 3209 548 3248 ros
571 3191 759 3252 doctrinarum
783 3197 813 3250 iu
837 3210 939 3250 curasan
964 3199 989 3248 et
1014 3191 1145 3268 relipiooe
1161 3185 1278 3250 uestra?
1307 3193 1444 3267 speratus
1464 3165 1465 3234 l

142 3341 144 3352 Ι
227 3279 349 3335 Sanctus
367 3277 523 3354 respoudit:
549 3277 612 3336 libri
629 3280 854 3354 cenapoliorum,
880 3288 904 3337 ot
923 3278 1056 3356 epistolae
1075 3279 1239 3337 Pariliciri
1262 3282 1443 3338 sanctissimi.
1464 3243 1465 3330 l

210 3361 273 3422 1th
291 3360 336 3422 his
360 3361 452 3442 igitur
470 3371 593 3439 constat,
612 3363 672 3442 jam
692 3374 760 3424 tnnc
778 3363 915 3443 temporis
934 3366 969 3424 de
986 3361 1071 3424 libris
1089 3361 1324 3426 Christianorum
1344 3361 1444 3443 quaeri

200 3510 206 3514 .
227 3449 380 3530 coepisse,
404 3451 455 3511 sed
475 3448 592 3511 fortuito
616 3451 791 3531 qnasi,=uon
815 3472 851 3512 ex
870 3453 1005 3512 mandato
1023 3449 1215 3532 imperatoris,
1240 3471 1338 3532 aeque
1359 3452 1443 3512 etiam
1464 3523 1465 3530 ἵ

226 3535 303 3616 ideo,
327 3540 413 3598 atad
432 3537 531 3614 ignem
554 3548 754 3618 poscerentur.
799 3539 876 3600 ldem
896 3537 1035 3600 fortassis
1053 3561 1169 3620 qnoque
1186 3537 1294 3600 accidit
1312 3540 1443 3620 posthac,

227 3643 292 3686 cnm
323 3627 379 3686 snb
405 3625 497 3688 Decio
529 3627 696 3687 turbaretur
722 3624 847 3687 civitatis
874 3626 1049 3688 christianae
1080 3624 1296 3707 tranquillitas,
1328 3626 1444 3687 'inuidia

225 3712 406 3792 potissimam
425 3713 661 3793 philosophorum
678 3722 706 3774 et
722 3713 887 3790 calumniis,
904 3725 963 3775 tam
985 3714 1071 3775 ctiam
1082 3715 1214 3796 judicum
1232 3713 1443 3775 nonnullorum

225 3800 303 3876 odio,
324 3802 373 3881 qui
391 3822 455 3863 curn
473 3800 688 3862 infensissimos
708 3821 741 3862 se
759 3800 935 3863 Christianis
954 3802 1109 3864 maximam
1129 3812 1239 3882 partem
1257 3801 1444 3876 exhiberent,

224 3883 256 3945 in
271 3884 365 3948 libros
383 3909 498 3969 qaoque
515 3887 632 3948 illorum
649 3887 791 3950 saeviisse
809 3889 1058 3952 credendieruut.
1095 3890 1168 3952 Cum
1187 3901 1284 3952 tamen
1302 3889 1446 3970 principis
1464 3941 1465 3946 ,

225 3971 319 4034 edicto
345 3974 390 4036 vel
414 3976 531 4056 publica
550 3976 722 4038 auctoritate
746 3973 818 4036 illnd
844 3997 902 4036 noa
926 3976 1014 4039 luerit
1036 3983 1153 4038 cautam
1179 3998 1275 4058 neque
1300 3985 1465 4059 expressa

224 4077 279 4121 nos
302 4062 378 4122 hanc
398 4063 427 4122 iu
451 4084 511 4124 rem
530 4063 690 4125 habeamus
715 4063 889 4142 scriptorum
913 4063 993 4126 illius
1011 4064 1116 4128 aetatis
1136 4064 1319 4143 testimonia,
1354 4066 1443 4128 tutius

206 4167 284 4208 -rem
311 4148 340 4208 iu
368 4149 462 4210 medio
487 4149 690 4231 relinquimus
734 4150 932 4212 Refereudum
951 4153 1008 4212 huc
1034 4152 1243 4233 etiam,·quod
1261 4153 1442 4216 Lactantius

223 4235 367 4307 (darnart.
384 4258 456 4316 pere.
475 4238 537 4318 12.)
560 4237 718 4316 primordia
735 4238 949 4318 persecutionis
965 4238 1189 4304 Diocletiaueae
1206 4261 1375 4320 exponens,
1393 4244 1440 4304 ad-

221 4320 281 4382 huc
298 4325 325 4384 d.
340 4322 392 4384 23.
406 4323 496 4384 Febr.
514 4345 541 4384 a.
554 4324 627 4386 303.
643 4327 776 4406 adeoque
792 4337 858 4387 ante
875 4327 1091 4406 promulgatum
1109 4328 1297 4409 imperatoris
1314 4330 1440 4391 edictum

221 4409 411 4471 Nicomediae
434 4409 578 4470 accidisse
603 4413 705 4485 tradit,
736 4419 891 4492 scripturos
913 4425 1037 4493 repertos
1060 4422 1190 4478 incensae
1205 4419 1307 4492 fuisse
1343 4416 1441 4480 Potuit

222 4496 299 4562 euim
321 4495 395 4560 illud
413 4493 475 4558 lieri
496 4494 543 4560 vel
560 4497 670 4562 sciente
688 4519 723 4560 ac
741 4498 854 4570 uolente
871 4499 1002 4567 Caesare
1022 4503 1169 4586 Augusto,
1193 4504 1280 4587 cnjus
1301 4508 1441 4570 mandata
