2968 4896
216 215 281 284 eeu
514 219 523 225 ·
584 151 732 276 xnxeu.
776 207 866 276 oe.
884 205 1074 278 ursonem
1119 289 1123 299 ¹

218 391 350 476 spiritum
368 385 576 468 modumquasi
595 395 700 452 exurat
722 384 906 468 hominisque
924 385 1049 451 animaru
1072 380 1249 468 depurget),
1279 403 1343 464 qna
1366 397 1430 448 reru

216 482 323 566 pietate
339 477 471 538 homines
486 474 543 538 Dei
561 483 677 538 ebream
694 475 779 540 istaut
798 481 969 557 potestatem
986 474 1135 537 inimicum
1151 483 1238 554 atque
1250 471 1430 536 contrariam

218 564 407 632 e'icereat*.
1194 579 1195 584 ¹

148 729 150 733 Ι
232 591 244 652 l
305 569 432 725 Modds,
458 671 515 732 quo
540 658 659 731 peraeto
682 649 789 726 fuerit,
807 649 854 726 ¹ita
878 649 988 730 legitur
1004 652 1128 712 eundem
1147 649 1224 729 apud
1244 647 1431 727 scriptorem:

218 743 324 824 „Quod
342 741 372 801 in
390 738 473 800 robis
489 739 622 819 adjurato
641 737 728 800 vestri
754 737 941 798 redemtionis
965 737 1082 800 neruiue
1104 736 1247 813 summus,
1272 737 1332 810 boc
1350 735 1432 796 vestri

201 831 318 892 'cordis
337 825 561 890 scrutationeet
581 825 823 886 contribulatione
847 825 999 906 complete.
1037 826 1099 886 Nos
1124 825 1268 906 precibus
1287 826 1325 884 ad
1345 824 1430 884 Deum

221 929 249 982 et
273 915 525 996 increpationibus
549 912 700 974 inveterati
723 911 819 974 bostis
837 913 911 974 dolis
935 913 1118 988 resistimus,
1144 933 1195 974 ros
1213 910 1288 972 rotis
1307 921 1334 972 et
1352 901 1433 972 rostri

220 1005 317 1068 cordis
344 1001 516 1064 contritione
540 1000 702 1082 persistite,
736 1012 767 1062 ut
798 1000 939 1062 eruturuiui
967 1003 1002 1062 de
1026 1010 1167 1082 potestate
1196 1001 1386 1062 tenebrarum
1411 1009 1433 1058 et

219 1091 436 1156 transferamini
454 1089 484 1148 in
503 1108 626 1168 regnum
644 1087 784 1148 claritatis
803 1088 958 1169 ejus“**).

309 1176 451 1256 eramris
476 1186 572 1237 auteur
591 1187 619 1238 et
636 1176 687 1236 alii
711 1176 799 1256 liujus
816 1174 925 1256 periodi
946 1173 1175 1256 scriptores***)
1199 1194 1368 1239 sermonem
1385 1174 1434 1234 ba-

220 1269 310 1330 beant
334 1268 369 1325 de
395 1263 558 1326 exorcismo
582 1263 704 1345 ejusque
732 1263 886 1327 exercendi
912 1273 1068 1343 tempusa
1092 1262 1197 1326 concil.
1223 1264 1384 1324 Broeor.
1406 1261 1432 1322 2.

222 1375 248 1417 o.
266 1356 295 1416 l.
312 1351 414 1431 viginti
432 1351 460 1412 ia
479 1351 541 1412 dies
559 1349 761 1411 constituitur:
786 1361 854 1410 suat
871 1361 966 1412 tamea
984 1349 1147 1427 formulae,
1166 1351 1274 1431 quibus
1294 1352 1371 1412 bono
1388 1369 1433 1410 ce·

221 1440 380 1503 remuriam
399 1451 466 1500 tuae
485 1437 669 1514 celebrarint,
688 1437 773 1517 plane
788 1439 873 1498 nobis
888 1439 1017 1517 ignotae.
1039 1439 1107 1500 Bal
1118 1441 1134 1500 d
1145 1439 1311 1519 uinus†)
1328 1437 1433 1498 formu-

132 1558 135 1564 ‚
221 1530 280 1590 lam
297 1528 452 1590 etiamnum
471 1527 499 1586 in
518 1522 645 1586 ecelesia
662 1526 795 1588 Romana
813 1525 969 1588 exorcismi
980 1521 1134 1604 usitatam,
1158 1529 1236 1606 apud
1255 1526 1429 1606 Optatam
1452 1569 1453 1572 ¹

221 1615 277 1694 M,
294 1614 412 1690 ubi††l
429 1614 503 1674 baec
520 1613 707 1674 inveniuntur
722 1615 832 1676 verba:
867 1613 948 1690 „Vos
966 1614 1174 1694 rebaptizando
1192 1613 1370 1695 exorcizatis
1387 1614 1433 1672 bo-
1453 1580 1454 1640 l

222 1704 327 1768 minora
344 1698 459 1762 fidelem
479 1711 506 1761 et
523 1701 621 1761 dicitis
639 1702 701 1762 Deo
719 1699 878 1764 habitanti:
897 1697 1078 1774 „urrrlediete
1097 1701 1144 1764 exi
1161 1702 1243 1764 lorus
1255 1705 1286 1774 ,⁴⁸
1304 1721 1338 1762 se
1355 1721 1436 1778 repe·
1454 1686 1455 1764 l

222 1791 298 1853 risse
320 1789 471 1870 judicarit.
512 1788 570 1849 Sed
595 1787 640 1849 rui
665 1786 739 1850 baec
764 1787 837 1848 dixit
853 1787 1070 1852 lllilevitaousl
1104 1788 1227 1852 Minime
1245 1788 1377 1870 prolecto
1392 1787 1434 1862 ii,
1455 1790 1456 1876 l

116 1953 121 1958 ³
223 1897 297 1960 quos
321 1876 433 1959 gremio
456 1876 484 1935 in
512 1895 566 1936 sno
585 1875 727 1938 catholica
745 1885 902 1954 exceperat
918 1876 1065 1953 eeclesia,
1089 1879 1141 1938 sed
1167 1876 1232 1938 istis
1248 1876 1366 1956 potius,
1389 1875 1457 1954 quit

216 1966 444 2028 'Donatistarum
461 1964 616 2036 schismate
633 1985 669 2024 ex
686 1985 719 2024 eo
735 1962 853 2024 fuerant
868 1963 1007 2024 abstracti
1017 1963 1108 2038 †††).
1132 1964 1195 2026 Hes
1207 1964 1325 2044 quidem
1341 1974 1435 2024 auctor
1457 2000 1458 2052 p

224 2051 385 2131 vituperat,
412 2052 489 2130 quod
514 2047 606 2111 serrrel
624 2050 786 2130 baptizatos
811 2051 1008 2132 rebaptizent,
1034 2051 1120 2114 etiam
1139 2051 1317 2114 exorcizatis
1336 2071 1434 2112 novum

223 2139 376 2218 imponant
391 2137 586 2198 exorcismum
603 2135 728 2218 biarque
747 2139 841 2200 Deum
859 2138 887 2200 in
915 2137 1012 2200 auimo
1037 2136 1166 2202 litleliam
1189 2139 1368 2202 habitantem
1386 2141 1435 2198 ob·

225 2224 441 2288 secretionibus
461 2225 542 2288 exire
556 2224 688 2304 jubeant.
727 2225 905 2286 bdbibuisse
929 2225 1023 2305 igitur
1038 2239 1067 2290 et
1084 2225 1256 2290 Catholieos
1273 2226 1434 2288 baeretico-
1459 2210 1460 2250 t

223 2335 287 2376 ruer
306 2313 394 2374 rerba
412 2311 442 2374 iu
462 2312 641 2389 exorcismo,
668 2312 716 2374 rix
739 2312 916 2374 concludere
934 2322 1028 2394 potes.
1069 2315 1181 2378 Fontes
1198 2315 1224 2375 si
1248 2313 1433 2378 lorurulmum
1460 2314 1461 2340 ¹

224 2402 307 2468 adire
324 2400 408 2478 telis,
431 2398 486 2464 lras
505 2412 638 2482 premunt
654 2399 770 2462 silentio
788 2422 883 2482 neque
901 2404 990 2465 verbe
1008 2421 1068 2481 eae,
1094 2423 1167 2484 quas
1184 2413 1315 2485 tempore
1332 2406 1433 2466 subse·
1461 2418 1462 2444 t

224 2500 331 2571 qneuto
348 2488 520 2551 constitutas
537 2489 658 2562 ridebis,
676 2489 840 2567 adtingunt.
1307 2547 1311 2554 ,

197 2569 200 2578 ’
313 2575 582 2656 beornpeteutinm
609 2589 704 2638 auteur
731 2575 876 2656 baptismo
901 2595 938 2636 ex
963 2575 1125 2655 gentilibus
1150 2579 1185 2640 ad
1207 2577 1433 2643 Christianorum

226 2683 342 2744 qnoque
367 2662 505 2741 parrulos
521 2663 678 2744 Augustini
704 2664 880 2738 doctrinam,
905 2665 1080 2744 depeccato
1107 2666 1280 2745 praesertim
1306 2664 1434 2743 originis,

225 2749 381 2812 transiisse
401 2772 492 2831 eaque
511 2753 546 2812 de
565 2771 655 2813 causa
674 2772 809 2830 magnam
827 2760 939 2828 aetate,
967 2771 1053 2832 quem
1071 2753 1295 2832 descripsimus,
1314 2750 1436 2816 auetori-

227 2848 313 2898 tutem
333 2837 488 2900 exorcismi
512 2839 598 2902 ritum
623 2839 802 2916 obtinuisse,
830 2849 912 2901 extre
936 2859 1049 2903 omnem
1074 2839 1201 2922 positum
1225 2852 1271 2904 est
1294 2842 1435 2921 disceptu-

226 2924 410 3004 tionem†*).

268 3017 272 3025 '
312 3013 426 3087 Restat,
444 3023 475 3076 ut
492 3016 612 3076 verbum
629 3015 770 3076 addamus
790 3015 824 3074 de
842 3011 1008 3076 exorcismo
1028 3011 1106 3076 eirca
1126 3015 1320 3096 corporaliter
1337 3019 1436 3078 obses·

227 3119 288 3163 sos.
326 3099 504 3180 Comprobat
528 3102 613 3164 etiarn
638 3101 841 3179 Augustinus,
875 3101 1032 3164 exorcismi
1060 3105 1205 3183 quondam
1229 3107 1306 3168 eluas
1331 3104 1435 3166 classes

227 3186 388 3251 exstitisse.
426 3185 578 3266 „Spiritus
588 3188 810 3267 ,“*ioqeit†*‘)
837 3188 1115 3266 -·„immuudus,
1140 3202 1281 3271 quantum
1299 3190 1435 3271 intelligo,

173 3281 176 3289 '
227 3275 344 3336 duobus
362 3273 454 3334 molis
478 3275 618 3352 appellari
644 3273 736 3354 solet,
762 3273 805 3336 rel
825 3272 892 3352 ille,
921 3277 969 3356 qui
988 3278 1172 3340 extrinsecus
1190 3279 1302 3342 invadit
1318 3279 1435 3341 aniromu

227 3381 392 3440 sensusque
410 3364 562 3422 conturbat
579 3369 608 3423 et
632 3363 784 3442 quemdam
803 3362 969 3426 bominibus
985 3363 1074 3426 inlert
1094 3367 1241 3444 furorem,
1266 3359 1322 3430 oui¹
1339 3365 1436 3430 exelu-

229 3449 322 3508 deudo
340 3447 387 3528 qui
408 3459 556 3528 praesunt,
575 3470 690 3510 manum
707 3449 856 3530 imponere
872 3451 917 3512 vel
937 3451 1104 3514 exorcizare
1122 3454 1268 3532 dicuutur,
1285 3457 1313 3518 b.
1331 3477 1366 3529 e.‚
1392 3469 1436 3531 per·

226 3535 326 3601 diuina
344 3555 408 3598 eum
425 3536 587 3616 adjurando
606 3536 762 3617 expellere.
788 3537 878 3600 Aliter
894 3551 989 3601 autem
1007 3539 1112 3602 dicitur
1130 3542 1250 3620 spiritus
1266 3543 1435 3614 irurrrundus,

130 3627 135 3635 “
228 3625 322 3686 ocreis
340 3623 456 3686 ornaino
473 3626 569 3688 suirna
585 3625 754 3687 iormuutla“
767 3631 822 3687 eto.
846 3625 930 3702 Quoto
948 3627 1038 3708 igitur
1055 3629 1213 3710 descriptio
1231 3631 1435 3713 exorcista*

228 3712 318 3776 ollieii
335 3714 420 3774 datae
437 3733 527 3796 sopra
543 3725 659 3778 nostrae
680 3715 753 3776 bene
770 3713 916 3795 congruit.
1411 3710 1421 3731 '

227 3855 448 3872 ——u——n

297 3933 325 3988 *t
348 3933 386 3984 llo
407 3935 507 3986 o'ivitst.
530 3935 577 3988 bei
597 3937 639 4001 10,
659 3939 703 3994 22.
1351 3961 1355 3968 '

296 3997 475 4123 msepppon.
496 4005 560 4123 213.
578 4007 797 4126 αὐὴῦοωμῧῑῗηῐὶ
811 4005 860 4126 bio
873 4004 911 4129 Dp
930 4006 1014 4142 opteg-
1034 4007 1067 4060 ad
1085 4006 1238 4064 Celoolrtttu.
1257 4013 1284 4078 d,
1306 4012 1330 4063 1.

295 4141 329 4206 ψ)
350 4078 528 4192 lablelli„
552 4090 693 4207 lollaill.
715 4093 774 4194 rbi.
795 4111 827 4194 is
845 4111 1035 4204 olorensem.
1055 4161 1081 4213 p.
1101 4146 1161 4200 rm.

296 4210 352 4272 ††)
374 4207 411 4259 De
430 4209 533 4260 schism.
554 4209 683 4264 Donatist.
702 4215 728 4265 l.
750 4229 775 4280 p.
796 4213 838 4265 71.
983 4250 990 4264 .

297 4276 373 4341 †††)
396 4276 459 4328 lbid.
480 4279 503 4340 1,
523 4279 549 4332 2.
571 4296 595 4346 p.
615 4281 640 4333 3.
662 4283 688 4346 2,
707 4281 751 4337 21.
773 4298 799 4350 p.
817 4281 849 4336 ll
869 4297 908 4349 sq.
928 4283 954 4349 5,
973 4283 1000 4338 3.
1020 4299 1047 4352 p.
1065 4283 1109 4342 82.
1210 4327 1215 4332 .

208 4402 214 4416 Ι
296 4342 347 4412 †⁴)
367 4344 484 4397 Sermoo.
501 4347 562 4402 211.
573 4348 607 4398 -iu
627 4351 668 4400 dis
686 4351 776 4415 puech.

297 4411 364 4482 ψ)
386 4413 423 4466 lle
442 4414 512 4467 beet.
531 4420 596 4484 etto,
616 4433 642 4486 p.
660 4418 721 4476 228.
