2944 4898
277 282 287 299 “
338 279 375 341 de
389 274 495 344 ritibus
510 275 736 362 baptismalibus
751 297 814 344 soc.
829 276 963 344 meandi.
1207 279 1250 346 89

29 457 129 518 sonata
145 451 259 532 minet,
281 450 356 517 illud
373 453 484 536 duplex
498 453 584 517 nobis
601 453 724 534 sistitur,
747 453 827 519 alind
845 454 980 518 nimirum
998 453 1078 520 circa
1094 454 1250 520 condrus-

29 541 120 606 tionis
137 541 353 623 acceptionem,
379 539 461 606 aliud
486 542 565 606 circu
588 541 718 626 ejusdem
743 542 1000 626 dispensationem.
1037 544 1116 624 Eos,
1141 543 1250 626 quibus
1315 545 1321 559 '

30 631 141 696 tributa
166 629 225 693 toto
250 627 430 694 confirmatio
466 631 601 714 baptismi
634 630 697 694 sive
722 629 935 694 confirmandos
958 653 1063 696 reeens
1088 633 1250 714 baptizatos

29 717 138 796 inisse,
155 717 284 782 infantes
302 739 395 800 aeque
412 739 447 782 ac
463 719 589 795 adultos,
616 717 691 780 forte
708 738 960 800 supervacaneam
977 730 1023 782 est
1040 741 1157 782 monere
1173 719 1249 784 ltno-

30 827 88 886 qua
102 817 132 870 et
147 806 323 890 scriptorum
340 806 506 871 testimonia
522 803 698 868 unanimiter
714 809 838 870 redeunt
855 807 1001 890 simulque
1018 809 1047 870 id
1065 807 1164 890 colligi
1182 819 1251 890 pot-

1 903 8 912 ·
32 903 76 958 est
102 915 140 959 ex
158 904 228 956 ncta
246 894 389 960 ecelesiae
406 893 486 957 itlius
502 891 667 974 primaeuae
686 896 915 976 consuetudine,
936 895 1119 978 impertiendi
1139 898 1250 958 eustra-

29 980 143 1044 ristiam
159 981 215 1060 iis,
240 981 289 1064 qni
307 981 541 1058 confirmatione,
566 1001 641 1064 quae
668 983 840 1064 baptismum
859 1003 963 1048 reeens
986 986 1084 1046 datum
1101 985 1249 1066 supponit,

29 1080 157 1149 accepta
169 1070 200 1130 in
214 1069 472 1150 congregationem
490 1067 619 1131 fidelium
637 1069 741 1132 adsciti
759 1071 886 1134 fuerant.
909 1071 1080 1148 Eunomo,
1097 1073 1145 1153 qui
1164 1073 1251 1134 dabat

30 1156 278 1220 confirmationem
297 1157 359 1220 sire
376 1157 539 1220 ministrum
558 1158 623 1238 ejus
641 1179 699 1218 uon
720 1158 810 1221 alium
829 1159 935 1238 fuisse,
960 1181 1046 1242 qnam
1064 1159 1177 1242 cuijus
1196 1161 1250 1222 ba·

28 1244 169 1325 ptismnm
180 1243 276 1326 ipsum
288 1245 660 1325 conterendieompetebat,
675 1243 744 1308 licet
760 1245 788 1308 in
807 1247 946 1326 genuinis
962 1247 1050 1328 liujus
1063 1247 1127 1310 aeui
1145 1268 1250 1309 monn·

29 1333 136 1394 mentis
154 1353 212 1394 non
229 1333 347 1394 disertis
364 1344 393 1394 et
410 1335 559 1413 expressis
576 1333 675 1395 verbis
692 1333 879 1415 indigitatum
903 1337 1147 1416 deprehendatur,
1174 1345 1250 1398 atta-

28 1441 94 1482 men
111 1441 174 1482 non
190 1430 245 1500 est,
264 1423 340 1502 qnod
358 1420 389 1482 in
407 1421 525 1482 dubiam
537 1419 610 1482 illud
627 1429 737 1502 partem
752 1425 911 1486 trahamus.
934 1425 1019 1500 Quae
1034 1423 1109 1484 onim
1122 1426 1250 1485 Pseudo·
1330 1495 1333 1498 ,

31 1515 194 1588 Dmapsioo,
212 1529 287 1590 quae
303 1515 529 1571 constitutionum
545 1511 762 1589 apostolicorum
775 1521 876 1572 auctor
893 1513 928 1571 dc
944 1511 1076 1572 ministro
1093 1509 1250 1572 confirma·
1310 1551 1313 1558 ,

30 1595 134 1673 tionis,
159 1617 215 1676 pro
231 1593 358 1678 duplicis
377 1597 524 1658 unctionis
546 1595 718 1678 hypothesi,
744 1597 861 1660 diuerso
885 1599 992 1660 liabent
1009 1607 1095 1678 atque
1112 1598 1250 1660 determi-

29 1693 116 1762 nant,
145 1703 181 1746 ea
206 1705 265 1744 noa
289 1686 363 1745 adeo
387 1685 485 1764 magni
505 1684 643 1746 iacienda
666 1694 802 1765 putamus
827 1701 882 1748 nec
905 1705 939 1748 ea
955 1688 1058 1747 horum
1075 1686 1251 1766 scriptorum

29 1792 95 1833 esse
113 1771 204 1834 nobis
219 1771 335 1834 ridetur
350 1772 523 1848 auctoritas,
550 1782 581 1832 ut
604 1771 633 1832 in
652 1783 684 1832 re
704 1773 840 1854 quapiam
866 1773 955 1856 bajus
973 1774 1036 1836 aeri
1055 1773 1251 1835 exarniuanda

28 1881 128 1922 eorum
148 1859 274 1942 eloquiis
290 1869 378 1940 atque
397 1859 569 1922 testimoniis
586 1857 672 1920 nniee
689 1859 773 1937 inniti
791 1861 999 1924 sustineamus.
1033 1867 1179 1941 Tentporis
1194 1864 1249 1924 de-

27 1947 133 2029 cique,
159 1968 222 2030 qno¹
238 1946 468 2010 confirmationis
493 1947 704 2009 administratio
728 1957 816 2030 atque
835 1949 1014 2030 dispensatio
1039 1949 1172 2010 instituta
1193 1949 1250 2012 tuto

27 2037 174 2097 rationem
192 2035 395 2111 examinatori,
411 2035 560 2116 insignem
574 2036 756 2096 conflictandi
774 2057 892 2098 arenam
910 2027 995 2097 nobis
1012 2037 1125 2098 obviarn
1143 2039 1249 2118 depre-

26 2123 202 2199 hendimus,
227 2121 254 2184 si
276 2123 409 2201 animos,
434 2123 459 2184 si
482 2123 608 2184 t'crtasse
634 2131 662 2185 et
678 2123 780 2186 virium
800 2125 931 2206 partibus
948 2123 1145 2205 suscipiendis
1163 2123 1249 2186 sulli-

27 2213 110 2274 ciens
128 2209 259 2274 conditio
275 2211 382 2274 adesse
399 2210 485 2272 nobis
502 2209 666 2289 rideretur,
694 2211 899 2275 celeberrimae
917 2223 1004 2294 atque
1021 2212 1096 2274 inter
1118 2213 1249 2275 eruditos

26 2298 235 2381 antiquitatum
251 2298 523 2362 ecclesiasticarum
539 2298 692 2361 rimatores
710 2301 783 2361 satis
801 2301 929 2380 agitatae
956 2312 984 2362 et
1001 2299 1082 2361 nullo
1099 2321 1157 2360 non
1176 2311 1249 2362 teru-

25 2409 96 2470 pcre
112 2386 227 2468 vigenti
243 2386 478 2462 controuersiae,
503 2389 539 2447 de
558 2386 745 2468 dispensatae
761 2389 908 2450 unctionis
925 2398 1053 2469 tempore
1070 2387 1158 2448 facile
1174 2387 1249 2450 alias

26 2497 80 2538 nos
97 2475 270 2538 immixtnri.
310 2473 417 2538 Unctis
433 2473 584 2551 nimirum,
611 2497 696 2556 qnam
717 2487 862 2557 tamquam
879 2475 1001 2557 primam
1019 2473 1249 2538 confirmationis

27 2571 93 2645 post
116 2562 297 2644 baptismum
314 2566 412 2626 dmum
429 2562 618 2626 cerimoniam
640 2584 732 2644 supra
755 2565 974 2642 recensuimus,
999 2573 1087 2644 eaput
1108 2562 1170 2626 litis
1195 2570 1249 2640 est,

28 2652 137 2734 quippe
155 2671 244 2732 qnam
260 2650 290 2712 in
308 2649 525 2732 baptismalium
543 2650 650 2712 mtunm
663 2652 859 2714 celebratione
877 2671 940 2713 eura
959 2652 1028 2730 alia,
1048 2651 1248 2732 baptismalem

28 2751 122 2801 autom
142 2755 339 2820 praegressa,
364 2737 561 2800 consociatam
578 2737 685 2802 sistere
703 2739 888 2822 duplicisque
904 2739 987 2802 illins
1007 2739 1153 2800 ornationis
1170 2739 1249 2801 auti-

28 2829 166 2909 quitatem
182 2827 241 2891 iam
257 2828 293 2892 ad
317 2825 374 2888 hcc
392 2845 497 2889 aevum
520 2825 649 2903 referre,
674 2837 750 2889 totus
769 2839 897 2908 quantus
923 2829 1076 2890 adlaborat
1099 2835 1250 2894 constituit.

27 2927 117 2996 oport.
135 2921 257 2993 anemr,
282 2915 331 2975 cni
356 2913 450 2976 amics
466 2913 595 2975 eeoaoinit
617 2935 740 2994 annaque
756 2915 900 2995 sallragio
917 2936 971 2976 auo
995 2911 1071 2976 uirili
1096 2935 1149 2994 pro
1167 2922 1249 2993 parte

28 3013 118 3084 anget
136 3005 430 3078 Pseudo-ttionprius.
469 2999 672 3063 Differentiam
697 3000 946 3087 antebaptisrnalis
971 3000 1117 3062 auctionis
1142 3003 1178 3061 ab
1204 3019 1249 3078 ea,

29 3111 102 3172 qnae
122 3089 301 3172 baptismum
319 3089 449 3172 proxime
465 3089 584 3172 insequi
601 3087 725 3167 solebat,
748 3087 846 3152 multis
863 3088 993 3152 numeris
1011 3097 1132 3168 uterque
1150 3085 1249 3154 refert.

31 3177 240 3246 Concinnioris
260 3199 331 3257 erqo
350 3177 463 3240 ordinis
482 3197 585 3256 onusto,
604 3198 706 3240 eornm
719 3199 756 3240 cx
768 3187 863 3240 mente
881 3177 1016 3240 distincto
1034 3173 1249 3256 dispiciendum

28 3403 177 3470 primaevae
197 3400 269 3454 illius
288 3401 415 3452 molestae
442 3401 552 3454 candido
579 3402 677 3468 pietate
703 3415 734 3452 sc
753 3401 786 3452 de
805 3415 926 3464 germano
950 3407 978 3451 ct
1002 3400 1173 3463 intemerato,
1199 3415 1249 3466 qne

28 3473 84 3537 ejus
103 3471 221 3524 membra
241 3485 299 3520 sese
316 3471 427 3522 inuicem
446 3471 578 3536 complexa
597 3471 712 3532 luerunt,
732 3485 828 3526 amore.
849 3471 923 3536 enjus
941 3470 1116 3520 testimouium
1137 3484 1250 3520 commo·

29 3557 72 3592 uas
90 3541 170 3605 illae,
200 3554 265 3606 quas
289 3539 397 3590 luudmc
421 3539 557 3602 solebant,
583 3555 676 3606 procas
693 3539 896 3592 illustrissimum
915 3539 1056 3605 praebent,
1081 3537 1250 3590 lustinus

27 3615 112 3664 Maro.
134 3609 278 3662 macrino
296 3608 423 3674 prodidit,
448 3608 474 3658 iu
493 3609 683 3674 baptismalium
711 3610 807 3660 rituum
835 3609 1019 3670 enarratione,
1046 3621 1122 3672 quom
1142 3607 1249 3671 apologo

28 3680 67 3731 tt.
86 3678 215 3744 instituit,
235 3693 261 3744 p.
281 3677 326 3730 tt.
345 3678 410 3728 baec
429 3677 543 3728 habenas
563 3670 640 3745 ἡμεῖς
657 3675 698 3744 di,
714 3673 784 3746 psat
801 3672 831 3727 cb
848 3671 936 3732 oileum
953 3675 1050 3726 todeca
1069 3671 1119 3726 τὸν
1137 3681 1269 3725 memoro-⁸

28 3750 114 3816 μένον
138 3746 188 3798 nni
205 3746 510 3813 coyuoracsoapotroo,
529 3744 577 3797 tat
603 3741 666 3803 τοὺς
692 3745 859 3829 λεγομένους
878 3739 1018 3810 ἀδελφοὺς
1033 3736 1155 3811 diyoprsv,
1179 3739 1252 3794 ἔνθα

27 3810 415 3937 συνηγμένωιεῖξῖἰικοινὰς
438 3810 520 3895 cipue
540 3807 727 3897 pcopodpqerqcs
752 3815 822 3898 crufo
843 3829 870 3866 τε
892 3811 1140 3939 ἑα-υὲῶνθὲεμὶντοιζι
1165 3827 1253 3932 qqorqo3

26 3888 257 4023 {liliam
274 3897 951 4020 stituitutititttttttttttttt
970 3895 1251 4019 attentat

27 4019 191 4092 adnutriunt,
215 4015 294 4079 ὅπως
313 4017 364 4085 τὴν
383 4013 499 4072 αἰώνιον
525 4024 663 4086 σωτηρίαν
687 4023 834 4090 σωθῶμεν.
859 4049 893 4062 -
921 4019 1069 4072 Sorioribos
1089 4020 1250 4088 temporibus

28 4094 124 4145 amoris
143 4092 277 4146 indicandi
297 4105 380 4144 cansa
399 4091 552 4157 baptismu-
575 4091 733 4158 aequabntur
756 4091 882 4142 osculatio
902 4090 945 4140 vol
966 4090 1081 4142 osculnm
1102 4091 1189 4157 pacis,
1217 4091 1250 4142 da

29 4164 102 4227 cnjus
122 4177 203 4214 causa
221 4160 395 4212 consulendus
415 4159 603 4227 Cyprianus
621 4177 662 4227 cp.
684 4161 715 4212 59
734 4161 766 4212 ad
784 4159 875 4212 Fidum
894 4159 1052 4225 episcopum.
1074 4159 1252 4212 contenderet
1292 4192 1294 4197 ·

29 4231 110 4284 litos
127 4232 188 4296 ida,
215 4230 546 4298 mmtosramnsnans
568 4236 769 4283 anteactarum
788 4230 858 4280 ὥθιιι
876 4228 1005 4294 baptizari
1027 4243 1077 4280 non
1098 4243 1191 4296 posse,
1219 4245 1250 4278 eo

30 4301 96 4367 qood
117 4300 315 4354 immunditici
335 4299 479 4350 etidcirco
504 4313 549 4350 uos
573 4299 686 4350 monim
707 4300 868 4352 horreamus.
906 4297 1071 4350 Contrarium
1097 4305 1184 4350 anteco
1200 4295 1253 4362 Cy·

30 4372 135 4436 priam
154 4367 288 4438 multabat
304 4375 334 4420 et
346 4384 393 4435 per
410 4368 522 4430 praetem
540 4368 650 4419 &cmm
670 4383 719 4420 uon
737 4369 901 4432 intelligebat
915 4366 1111 4432 justificationis
1129 4366 1250 4430 gratiam

31 4453 96 4505 quae
115 4440 194 4492 dater
211 4439 239 4490 in
259 4437 387 4504 baptismo
407 4437 504 4490 virtute
523 4437 615 4504 ipsius,
634 4437 681 4488 sed
701 4438 803 4502 signum
820 4437 961 4502 amicitiae,
983 4437 1049 4502 quod
1070 4451 1115 4503 per
1134 4432 1249 4484 cremum

31 4509 138 4575 amulo
156 4507 269 4566 initam
285 4503 467 4564 somnam.
490 4504 545 4559 etr.
567 4505 637 4558 intro
657 4521 683 4574 p.
703 4505 747 4560 db.
1164 4539 1167 4546 .
