2942 4892
214 287 281 358 208
361 347 365 360 .
413 305 423 320 ¹
598 233 681 356 illel.
723 292 751 356 l.
765 289 826 356 'lla
840 287 877 355 Β.
894 287 1043 404 liresehcr

215 463 363 546 separatis
380 470 409 525 et
426 463 514 526 unice
531 463 626 532 sacris
645 466 823 547 peragendis
841 465 993 530 destinatis
1019 473 1047 530 et
1070 463 1250 530 consecratis
1272 477 1464 531 caruerunt

216 549 381 618 Christiani
404 549 518 615 noritii.
553 551 678 616 Constat
700 551 777 616 enim
795 575 845 618 eos
869 554 1032 637 prohibitos
1056 553 1168 632 luisse,
1190 551 1333 636 publicos
1352 553 1461 637 plena

214 637 284 718 lnce
300 659 391 722 agere
408 649 580 704 concentus.
620 640 703 704 Fieri
724 641 817 723 igitur
840 663 899 705 non
922 642 1033 724 potuit,
1058 652 1090 704 ιιι
1113 642 1251 724 templpm
1273 641 1327 707 rel
1345 643 1457 706 aliun

215 727 313 794 locum
328 727 471 792 stabilem·
485 725 527 793 rei
545 727 660 794 divinae
677 729 927 812 circumscriptam
944 741 973 793 ct
994 729 1144 812 proprium
1162 733 1367 812 adornarent,
1402 733 1457 794 ubi

214 826 291 882 ιιιιιο
304 827 433 898 ternpore
444 816 633 880 convenirent
650 817 811 900 remotiqcc
828 839 846 882 ιι
862 817 988 900 strepitu
1004 828 1033 881 ιι
1048 818 1182 900 profanis
1198 818 1333 900 negotiis
1354 839 1456 884 sacra

214 925 272 970 sua
287 901 413 984 obirent,
440 925 506 968 cnm
523 904 553 966 in
572 906 834 987 persecutionibus,
860 906 967 989 quibos
983 909 1197 990 premebantur,
1212 907 1324 970 abdita
1343 929 1455 989 quae·

214 993 298 1058 rendi
317 993 439 1075 locaque
456 1013 545 1072 saepe
569 994 698 1056 mutandi
721 994 885 1057 necessitas
908 993 982 1076 ipsis
1007 994 1145 1076 imposita
1166 994 1264 1057 luerit.
1303 994 1342 1058 Si
1366 997 1455 1059 enirn

112 1081 114 1088 ’
215 1081 323 1165 templa
339 1080 513 1144 habuissent
525 1080 682 1147 Christiani
701 1081 849 1162 primaevi,
865 1081 981 1145 Plinius
1000 1093 1079 1146 ccrte
1095 1081 1268 1156 mentionem
1284 1087 1455 1164 qnamdam

216 1189 318 1234 eornm
333 1167 455 1234 lecisset
479 1187 534 1232 nee
556 1168 650 1232 obiter
666 1169 849 1252 scripsisset,
863 1177 925 1232 Ιιοι
946 1180 1015 1234 anta
1033 1170 1129 1233 lucem
1154 1169 1314 1233 convenire
1332 1172 1453 1236 solitos

213 1257 320 1325 luisse.
357 1257 389 1320 ln
405 1257 524 1319 Troade
542 1255 755 1320 conveniebant
770 1257 800 1318 in
819 1258 990 1336 coenaculo,
1015 1261 1117 1320 codem
1134 1260 1218 1320 modo
1235 1257 1366 1322 coibant
1386 1261 1455 1323 Co-

215 1345 326 1410 rinthii.
364 1344 467 1408 Suasit
486 1343 540 1406 hoc
558 1365 617 1406 non
633 1343 728 1408 solnm
753 1345 924 1427 templorum
941 1345 1082 1426 penuria,
1107 1348 1159 1410 sed
1177 1343 1263 1409 etiarn
1279 1363 1377 1410 amor
1397 1370 1456 1411 ca-

214 1435 347 1516 ritasque
373 1431 606 1496 Christianorum
637 1432 866 1514 primacroranr,
900 1434 1062 1496 animorum
1085 1433 1187 1497 intima
1211 1435 1397 1516 conjunctio
1427 1449 1457 1500 et

216 1523 408 1588 admirandus
425 1520 542 1603 quidam
559 1521 752 1584 fraternitatis
769 1541 886 1599 sensus,
903 1523 1044 1602 utpotios
1057 1543 1157 1585 omnes
1173 1515 1237 1582 κατ’
1255 1518 1348 1584 οἴκοι
1371 1545 1456 1587 con-

212 1607 336 1694 junctim
352 1607 407 1671 has
428 1605 532 1690 epulas
551 1619 705 1689 pararent,
730 1630 816 1692 quarn
835 1609 962 1690 singuiis
986 1609 1119 1692 patribus
1135 1609 1263 1672 familias
1279 1631 1373 1674 moro
1393 1615 1455 1676 Ju-

216 1697 301 1762 dcico
320 1699 514 1760 concederent
528 1695 734 1761 instituendas.
753 1697 934 1760 Procedente
950 1707 1047 1760 autern
1063 1707 1202 1780 ternpore,
1219 1691 1284 1760 cnm
1306 1701 1455 1764 ecclesia

216 1785 378 1850 christiana
399 1779 583 1849 adolesceret
598 1785 761 1866 opibusque
777 1795 864 1848 aucta
880 1794 908 1846 ct
923 1784 1102 1866 locupletata
1118 1796 1206 1864 esset,
1223 1783 1336 1867 templa
1354 1791 1453 1852 raedi-

192 1911 195 1916 ·
215 1873 381 1937 icebantur
397 1893 570 1954 agapaeque
586 1874 616 1934 in
634 1871 924 1954 publico'dabantnr,
953 1873 993 1936 ita
1010 1883 1040 1936 ot
1057 1873 1088 1934 in
1105 1874 1229 1940 aedibus
1244 1875 1347 1938 sacris
1369 1897 1452 1940 con-

217 1961 317 2025 venire
342 1969 464 2042 possent
487 1959 638 2042 majorque
656 1971 735 2022 esset
754 1959 859 2022 bonnm
883 1960 1081 2024 conviciorum
1104 1973 1163 2025 tum
1187 1960 1355 2026 auctoritas
1387 1975 1451 2028 tuna

200 2047 369 2113 sanctitas.
406 2047 522 2110 Relcrri
539 2045 596 2108 hnc
614 2048 699 2111 debet
717 2045 821 2110 concil
838 2047 1000 2112 Laodicen.
1018 2069 1083 2115 can.
1099 2049 1151 2114 28.
1169 2060 1196 2112 et
1213 2051 1264 2112 57.
1288 2050 1345 2112 ubi
1367 2073 1452 2116 can·

216 2143 277 2198 turn
296 2145 360 2198 estt
396 2179 414 2209 „
424 2131 478 2211 Ut,
505 2133 642 2215 quoniam
659 2135 804 2198 ecclesiae
826 2146 984 2218 suppetant
1004 2137 1064 2220 jann
1088 2139 1177 2200 aedes
1198 2155 1322 2215 sacrae,
1351 2159 1451 2204 sacra

217 2243 333 2306 qnoque
350 2219 379 2284 in
398 2220 503 2284 iisdem
519 2219 574 2284 rite
598 2230 808 2302 tractarentur,
834 2218 994 2305 quaerero
1018 2235 1150 2288 avctore
1173 2224 1289 2306 pietatis
1309 2225 1390 2308 lege
1412 2232 1450 2294 ad

215 2311 369 2396 profanum
386 2331 472 2373 osona
491 2309 671 2387 deflexerint,
691 2311 924 2393 contraponitur
942 2313 1150 2396 ejicerentur.‘.‘

174 2397 179 2404 ’
304 2399 366 2464 Nec
383 2419 452 2461 aero
469 2397 516 2460 hic
533 2417 595 2460 mos
615 2410 775 2480 perpetuos
800 2399 949 2463 remansit.
989 2400 1036 2464 llti
1061 2401 1136 2464 enim
1161 2399 1234 2462 haec
1250 2400 1401 2466 convivia
1419 2403 1449 2466 in

217 2487 344 2570 puhlicis
360 2486 553 2550 conventibus
569 2487 606 2548 ab
625 2487 707 2548 initio
723 2487 922 2565 habebantur,
945 2487 989 2550 sic
1005 2499 1109 2570 postea
1126 2509 1178 2570 pen
1193 2490 1312 2552 decreta
1332 2491 1449 2554 conci·

215 2573 322 2637 liornur
338 2595 356 2638 a
373 2574 488 2656 templis
505 2583 625 2655 propter
640 2573 738 2638 varios
755 2577 868 2639 abusus
884 2585 912 2638 ct
929 2575 1111 2658 corruptelas
1122 2576 1146 2656 *J
1169 2575 1288 2638 luerunt
1313 2591 1448 2658 remota,
1469 2613 1470 2662 ι

216 2670 245 2726 ιι
268 2672 377 2725 tanturn
402 2681 496 2744 usqne
520 2663 558 2722 ad
585 2669 715 2744 tempora
742 2661 859 2726 concilii
878 2663 1039 2727 Laodicen.
1067 2685 1136 2730 ann.
1155 2661 1229 2728 346.
1253 2662 1350 2726 habiti
1385 2670 1470 2730 dna

215 2761 363 2828 raserunt,
386 2749 462 2832 qnod
480 2747 547 2828 lege
562 2747 707 2830 singulari
726 2751 883 2832 prohibuit,
907 2771 945 2814 nc
964 2772 1078 2834 agapae
1094 2752 1125 2814 in
1142 2750 1277 2815 ecclesiis
1292 2751 1448 2820 institue·

214 2835 383 2920 rentur**).
429 2833 595 2900 Concilium
619 2837 650 2900 iu
676 2837 785 2902 Trnllo
809 2859 914 2902 canon.
937 2839 990 2914 74.
1015 2843 1162 2904 decretum
1189 2835 1262 2928 idol
1288 2841 1448 2923 retinens,

115 2963 118 2966 -
214 2947 311 3010 pauca
328 2934 437 2990 tantum
454 2921 706 3010 addtdtr***)·-
729 2925 758 3009 d.
775 2929 806 2991 d.
829 2929 882 2992 De
901 2925 963 3006 iis,
987 2927 1050 3010 qni
1069 2925 1356 2991 interfuerunt
1377 2932 1469 3000 his,

212 3011 1135 3094 conviciis,voldirigentesrelaccumbentes.
1168 3015 1255 3094 Quod
1271 3015 1389 3081 attinet
1407 3023 1445 3082 ad

213 3120 284 3182 eas,
308 3103 357 3185 qni
373 3105 447 3166 haec
463 3100 597 3166 convivia
614 3101 796 3184 dirigebant,
821 3123 920 3166 coram
939 3103 1025 3166 etiarn
1043 3103 1142 3167 officia
1158 3114 1187 3167 et
1204 3102 1326 3184 negotia
1342 3125 1364 3168 a
1385 3109 1445 3170 Ju-

213 3191 353 3254 dacorum
378 3189 483 3252 ritibus
507 3185 658 3270 religiosis
685 3191 864 3269 arcessenda
890 3201 958 3254 sunt
980 3191 1069 3274 idque
1093 3213 1127 3255 eo
1155 3191 1265 3274 majore
1288 3189 1349 3254 lide
1381 3195 1444 3258 dici

213 3284 328 3359 potest,
352 3297 417 3339 cum
434 3296 558 3358 agapae,
584 3287 722 3359 utsupra
738 3281 964 3343 demonstratum
982 3291 1041 3358 est,
1061 3278 1201 3362 judaicae
1217 3279 1276 3340 sint
1292 3279 1446 3361 originis.

211 3365 299 3447 apae
314 3365 445 3428 ledaeos
469 3363 616 3445 praesidis
634 3364 762 3428 oslieinrn
781 3365 911 3449 implerit
928 3361 1154 3448 paterlamiliar,
1176 3367 1228 3448 pai
1250 3370 1443 3434 nouaclum
1467 3361 1468 3427 l

213 3471 336 3518 coenam
359 3451 453 3534 ipsam
476 3452 599 3533 parabat
621 3461 650 3513 et
672 3453 756 3515 cibos
782 3457 991 3535 consecrabat,
1015 3457 1067 3518 sed
1094 3463 1195 3518 snclas
1220 3453 1307 3532 etiam
1327 3477 1444 3537 preces

211 3541 351 3606 iaciebat.
387 3541 483 3620 Quam
500 3539 741 3602 consuetudinem
758 3563 814 3604 usu
829 3542 972 3606 sancitam
988 3542 1124 3607 Christus
1140 3542 1205 3624 ipse
1222 3541 1355 3608 retinuit.
1395 3547 1443 3610 lta

212 3629 300 3694 etiam
316 3638 383 3712 post
399 3628 464 3712 ejus
482 3628 648 3691 discessum
665 3629 792 3710 apostoli
808 3629 838 3692 ia
856 3629 984 3694 ecclesia
999 3629 1267 3713 Hierosolymitaoa
1285 3628 1441 3708 iecerunt,

210 3739 269 3782 nee
287 3738 357 3782 roro
376 3726 409 3780 ιιι
430 3718 600 3780 sacerdotes
625 3715 794 3782 adfuerant.
832 3717 877 3780 llo
902 3711 1031 3799 tempo're
1055 3717 1308 3800 patresfamilias
1333 3722 1440 3785 adhue
1466 3717 1467 3759 l

209 3823 322 3870 coenas
346 3805 490 3888 parabant
514 3811 543 3868 οἰ
566 3803 753 3886 dirigebant,
785 3825 911 3888 cumque
935 3807 1034 3872 Actor.
1057 3803 1097 3886 2,
1111 3806 1175 3870 ud.
1199 3805 1338 3887 legamus
1364 3801 1437 3870 κατ’

215 3948 435 3968 ..ῃ-

281 4025 309 4090 *i
336 4027 375 4081 De
402 4029 494 4098 quibus
522 4027 576 4081 vid.
605 4025 760 4082 Tertullian.
792 4027 852 4083 adv.
876 4028 970 4098 Psych.
998 4027 1039 4083 1⁷.
1070 4027 1197 4082 clement.
1224 4027 1300 4082 Alex.
1329 4029 1436 4086 Paedo-

181 4164 183 4172 ’
212 4111 271 4164 Μ’
281 4097 329 4236 ⁴¹23)
340 4095 446 4250 ¹(liemon.
465 4165 516 4223 28:
548 4161 597 4218 Or'r‘
608 4164 654 4220 δεῖ
670 4163 701 4220 ἒν
718 4169 776 4226 τοῖς
793 4167 934 4235 κοριοκοΐςΙ
950 4161 967 4232 ἢ
985 4163 1017 4218 ἓν
1034 4167 1094 4224 ταῖς
1111 4163 1266 4232 ἐκκλησίαις
1283 4162 1335 4226 τὰς
1349 4166 1435 4238 λεγο-

210 4233 298 4306 μένας
325 4231 438 4317 ᾀγαιιος
463 4237 570 4300 ποιεῖν,
596 4235 644 4288 καὶ
669 4233 702 4289 lv
725 4236 763 4304 epi
793 4238 860 4304 clap
889 4235 939 4288 τοῦ
969 4234 1041 4288 Θεοῦ
1068 4233 1174 4289 ἐσθίειν
1200 4235 1248 4286 καὶ
1274 4229 1435 4304 descriptus

212 4317 398 4440 στρᾞῗιόἱ
420 4367 453 4422 dt
470 4367 550 4424 τοῦτο
569 4375 662 4426 ποιεῖν
678 4373 846 4444 tulpaciense,
871 4369 888 4437 ἢ
905 4366 1119 4426 παυσάσθωσαν
1142 4367 1160 4444 ᾗ
1185 4367 1433 4442 ἀφοριζέσθωσαν.

212 4442 293 4510 Quem
313 4441 442 4493 inlocum
464 4448 651 4520 commentatus
676 4451 717 4496 eat
733 4445 871 4498 Balsamon
895 4445 961 4497 baec
981 4443 1062 4498 verba
1079 4442 1196 4500 iaciens:
1230 4441 1390 4513 Διορίζεται
1416 4440 1432 4498 ὁ
1463 4443 1464 4460 ’

167 4555 169 4566 .
210 4508 316 4580 κανὼν,
334 4505 374 4581 μὴ
392 4507 593 4578 σομιιοῦιαζιιν
612 4505 690 4570 τινὰς
707 4511 740 4565 ἐν
756 4511 919 4579 ἐκκλησίαις.
