2968 4896
283 238 416 308 xxxiv.
460 239 553 308 Andr.
569 233 699 304 Schulrir
715 243 751 304 de
767 242 1001 324 susceptoribus.
1192 237 1256 304 187

34 415 114 478 niori
132 403 399 497 traditDiiruysins
415 416 522 498 16666.
540 415 751 500 (1616616661.
768 417 841 478 6661.
858 415 934 493 2,2.
952 415 1015 498 §3
1019 415 1159 496 6261
1175 413 1254 479 item.

37 503 66 581 7,
85 505 118 566 2.
142 525 174 606 p
191 504 266 566 418.
285 507 329 566 61.
348 503 570 586 Gorderianac).
605 504 670 567 Hos
695 505 798 567 11161611
814 504 912 566 Latrnr
931 505 1088 585 scriptores
1106 523 1166 564 rem
1184 522 1255 564 666·
1311 567 1314 576 ,

39 592 168 672 66616616
186 591 305 653 666166
322 601 543 683 expresserunt,
563 593 796 656 denominatione
814 593 881 654 inde
899 594 995 670 ducta,
1014 593 1092 673 quod
1108 590 1137 651 bi
1154 588 1255 652 inlan-

38 689 81 739 tes
94 680 261 760 baptizatos
279 701 295 741 e
310 665 390 741 fonte
408 701 492 742 sacro
509 680 649 759 levarent,
666 692 717 744 ant
732 702 758 744 sr
750 680 927 742 'adultioris
944 683 1048 742 aetatis
1062 684 1170 756 essent,
1187 697 1255 740 sus-

39 767 170 847 61666661
195 787 230 829 66
255 776 412 830 tuerentur.
450 767 476 829 Α
499 768 622 831 11666616
647 790 716 832 6666
735 768 840 830 6166116
859 768 975 830 diversa
998 787 1115 848 quoque
1137 765 1256 828 666166

39 854 131 916 sortiti
157 865 236 916 6661.
271 855 405 917 16611666
422 854 511 918 Mart.
531 867 614 920 66661
635 855 865 937 προσφέροντες
882 877 921 916 τα
913 847 1041 938 16166
1058 875 1103 933 τῳ
1090 853 1255 953 βαπτισ-

38 931 112 1018 μάιι
133 943 275 1020 (666661.
300 941 386 1021 66.);
413 941 619 1006 Tertullianus
643 945 714 1006 dicit
738 945 904 1026 Sponsorcs
930 944 1002 1025 (loc.
1027 942 1076 1004 cit.
1100 935 1164 1022 6616.
1188 942 1255 1020 18).

38 1029 1069 1112 1656611666111166666666666661161(866666116116616311
1087 1029 1161 1092 216.
1177 1027 1256 1092 6661.

36 1117 135 1178 Liber
153 1119 189 1179 16
216 1119 411 1198 peremerit.
436 1119 599 1182 61666166.
623 1124 749 1220 peceat).
787 1119 1068 1192 01666116611661,
1094 1117 1162 1180 item
1186 1114 1254 1178 11161

37 1207 192 1282 16616666;
217 1206 301 1286 66161.
318 1206 370 1267 23.
392 1209 428 1268 61
446 1207 579 1272 Bonitac.
606 1227 774 1269 6611166661ι
790 1205 1008 1286 Enrlrologmm
1031 1205 1111 1268 dicit.
1149 1205 1255 1266 Addu-

37 1293 121 1354 eendi
140 1251 285 1354 661611616
301 1294 393 1354 utitur
406 1294 537 1376 Cyrillus
554 1294 774 1358 Alexandrinus
799 1293 1254 1376 (116666.26.666.21.1611.

37 1403 63 1460 6.
81 1381 175 1458 683).
214 1380 336 1456 Ν166166
352 1393 437 1444 66661
457 1371 667 1460 mesopotania
689 1381 826 1465 πατέρα.
849 1382 956 1445 Strabo
973 1401 1089 1463 quoque
1105 1381 1209 1442 Patres
1226 1389 1256 1444 et

32 1469 150 1533 Matres
166 1468 338 1549 spirituales
359 1469 498 1550 66661161.
537 1470 627 1533 Plura
642 1491 701 1532 non
718 1473 792 1531 addo
801 1470 941 1552 ,quippo
959 1472 1035 1551 qnod
1053 1469 1178 1548 plurima
1195 1467 1254 1530 alia

38 1555 154 1618 nomina
171 1557 339 1637 aequiorum
356 1558 415 1620 6161
438 1568 612 1637 temporum,
638 1559 724 1640 quale
741 1519 859 1619 utillud
875 1557 997 1638 vulgare
1014 1557 1147 1638 quidem,
1172 1554 1253 1618 66116

40 1654 130 1705 16666
148 1652 179 1704 61
197 1643 333 1706 16166166
356 1645 508 1708 latinitatis
531 1667 637 1708 nomen
655 1645 890 1726 Compatrisest.
924 1683 961 1696 -
996 1645 1023 1728 §.
1049 1644 1079 1706 3.
1112 1641 1253 1722 Origines

40 1741 241 1812 susceptorum
266 1733 296 1792 in
322 1731 449 1795 66616616
471 1733 591 1796 facilius
615 1733 730 1814 quidem
756 1744 801 1795 661
831 1732 995 1814 inquirere,
1030 1738 1116 1814 quarn
1143 1740 1254 1793 6661661

38 1819 186 1900 fisumque
204 1819 317 1882 initium
339 1820 377 1881 iis
393 1820 560 1898 uindicare,
586 1821 692 1903 quippe
716 1823 792 1901 quod
817 1821 847 1881 iu
873 1820 944 1882 illird
970 1819 1082 1882 sciendi
1108 1819 1253 1880 desiderio

38 1907 189 1968 trahamur
204 1907 290 1988 qnasi
308 1918 335 1970 61
350 1908 490 1987 feramur,
515 1911 615 1971 611166
633 1909 844 1970 consuetudine
862 1909 1019 1970 obscurum
1036 1906 1183 1970 redditur:
1217 1913 1253 1970 ln

35 2002 69 2056 116
84 2001 169 2072 onina,
187 2015 258 2076 quoe
273 2000 411 2082 66616116
427 2008 595 2071 tonsorentur,
612 1997 749 2060 momento
765 2007 917 2077 1616666616
932 2003 1040 2060 amount
1055 2003 1111 2058 non
1125 2005 1252 2078 6661661,

35 2089 190 2145 1611161166
207 2103 328 2164 semper,
352 2091 408 2146 imo
425 2088 484 2161 scre
501 2091 965 2167 6666666666616166166661166,
990 2105 1132 2168 61166666
1151 2105 1252 2165 66666·

33 2178 93 2232 tino
109 2178 242 2248 mutatio,
259 2175 409 2248 manifesta
424 2179 518 2234 616116
534 2181 664 2254 66611616,
681 2175 729 2235 661
744 2175 918 2254 6666661616,
934 2176 1056 2250 indeed,
1076 2183 1108 2232 61
1124 2171 1254 2254 loquitur
1332 2249 1335 2256 Ι

33 2260 168 2320 11116166
186 2261 388 2338 (demonstrat.
406 2259 601 2323 anri-christi
618 2265 648 2324 7.
670 2284 700 2342 6.
720 2261 806 2340 166).
844 2261 909 2322 Η66
926 2260 1001 2322 6116
1019 2270 1047 2322 61
1062 2257 1176 2321 similes
1193 2277 1252 2337 666,

34 2367 89 2408 666
107 2345 297 2424 6161116616,
322 2347 512 2410 diuturnitate
528 2348 746 2412 confirmantur.
784 2349 822 2410 11
844 2347 890 2410 661
910 2369 945 2409 66
962 2348 1047 2410 61166
1063 2347 1251 2409 6661166611-

34 2433 170 2496 spurious
187 2446 256 2496 6661
274 2435 418 2516 principia
441 2437 528 2518 liujus
549 2437 638 2514 ritus,
662 2439 739 2518 quod
757 2437 794 2497 ab
812 2436 980 2498 auctoribus
999 2445 1077 2496 certo
1102 2454 1160 2495 non
1178 2433 1252 2496 deli·

34 2521 169 2601 niantur,
197 2523 267 2603 quin
290 2525 347 2584 imo
365 2525 442 2585 inter
459 2534 500 2585 tot
517 2525 670 2587 dissensus
688 2523 913 2587 contundantur.
951 2523 1252 2586 1111661666666-

34 2611 149 2690 qoalem
168 2610 349 2691 temporibus
366 2611 575 2714 apostolorum,
602 2623 653 2675 661
669 2612 772 2675 661166
788 2615 824 2674 ab
838 2613 884 2674 his
900 2613 1101 2716 usurpandam
1119 2610 1252 2673 16611166

34 2717 102 2760 6666
119 2697 286 2775 affirmant3
310 2699 360 2760 6111
378 2702 428 2781 qui
445 2721 565 2761 nurnero
582 2700 694 2781 potins,
719 2721 805 2782 quam
823 2702 1004 2778 argumentis
1021 2720 1089 2762 sese
1106 2700 1180 2761 tueri
1198 2720 1252 2761 ro-

33 2786 103 2864 1661,
121 2786 276 2867 Hyginum
295 2797 426 2848 autorem
443 2788 645 2867 pronunciant,
667 2798 697 2848 nt
712 2786 786 2848 nihil
803 2789 897 2848 dicam
914 2789 987 2850 dc'‘
967 2809 1016 2866 66,
1039 2789 1088 2869 qni
1106 2807 1192 2850 usum
1210 2786 1253 2848 661

33 2895 69 2936 ex
83 2877 151 2955 ipsa
167 2874 376 2955 antiquissima
393 2876 594 2937 Hebraeorum
611 2875 694 2956 praxi
712 2877 963 2942 traduxerunt-
983 2875 1010 2958 §.
1027 2877 1057 2938 t.
1077 2875 1252 2955 Quanquam

32 2973 129 3024 autem
149 2982 206 3024 nos
224 2963 252 3022 id
269 2961 360 3025 facile
383 2961 488 3044 largiri
507 2963 669 3044 66661666,
696 2961 880 3024 occasionem
898 2961 1080 3024 Christianos
1097 2961 1251 3035 66661666,

33 3049 209 3114 instituendi
226 3060 428 3132 susceptorum
442 3052 582 3128 ordinem,
599 3054 634 3113 ab
646 3049 949 3131 antiquoludaeornm
967 3049 1033 3126 ritu,
1052 3048 1252 3130 6666166666-

34 3139 153 3201 cisionis
174 3143 266 3200 testes
284 3143 488 3212 accensebant,
512 3140 540 3201 11
559 3160 627 3202 reru
645 3138 675 3199 in
694 3158 834 3220 praesens
852 3157 962 3199 666666
980 3157 1061 3200 meac
1078 3133 1150 3197 611111
1167 3135 1253 3198 affert

33 3226 193 3308 praesidii,
219 3226 326 3308 qnippe
351 3247 416 3288 666
435 3249 490 3308 ego
508 3227 538 3288 16
557 3249 591 3290 66
610 3224 775 3304 elaborem,
800 3225 920 3288 delinire
943 3225 1024 3306 ipsas
1043 3225 1173 3304 origines
1189 3225 1251 3306 jam

34 3317 216 3376 instauratae
242 3335 295 3394 per
317 3315 467 3378 Christum
491 3315 653 3392 ecclcsiae,
681 3314 743 3377 sive
769 3335 819 3376 eas
846 3314 1002 3377 occasione
1027 3313 1251 3376 consuetudinis
1310 3311 1311 3322 ’

29 3402 170 3481 judaieae
188 3402 352 3482 receperint
368 3403 430 3464 6166
446 3423 501 3465 666
517 3413 621 3484 666616
635 3403 859 3466 introduxerint.
885 3405 987 3485 Neque
1005 3403 1091 3465 etiam
1107 3411 1176 3484 puto
1194 3403 1252 3464 1661

32 3493 165 3552 6616666
185 3489 301 3551 1616666
326 3491 487 3552 6661661166
508 3490 597 3572 hujus
622 3499 776 3571 patronos,
802 3493 881 3572 quod
903 3502 1087 3569 assererent,
1115 3489 1252 3552 continno

32 3598 86 3639 666
103 3597 162 3639 nec
179 3577 342 3659 interrupta
358 3578 442 3658 praxi
461 3599 521 3640 rem
539 3581 576 3640 ad
592 3579 752 3641 norissima
765 3600 860 3660 usque
871 3579 1104 3641 Christianorum
1121 3588 1253 3658 ternpore

32 3666 70 3727 ita
86 3676 205 3746 gestam
225 3685 303 3727 esse.
326 3665 415 3728 Nullo
434 3666 509 3728 enim
525 3666 688 3728 indubitato
706 3677 734 3728 et
751 3687 819 3729 uero
839 3666 1018 3747 antiquitatis
1037 3666 1182 3746 praesidio
1199 3685 1253 3726 aa·

33 3754 154 3815 66611661
175 3773 248 3814 6666
264 3751 349 3815 fidem
367 3753 466 3816 faeere
484 3765 616 3835 possunt.
655 3755 754 3815 Lucas
773 3765 850 3816 certe
875 3754 1013 3814 lictoriae
1030 3762 1159 3814 actorum
1177 3771 1252 3832 apo-

32 3841 205 3903 stolicorum
222 3852 324 3902 auctor
339 3840 412 3902 illud
428 3863 487 3904 uon
504 3843 765 3922 praetermissurus
783 3851 853 3919 erat,
871 3841 895 3900 si
914 3841 982 3921 quid
993 3841 1052 3901 talc
1069 3839 1252 3920 contigisset,

31 3929 162 3992 meminit
185 3928 302 4010 quidem
328 3928 440 4011 aliquot
466 3929 587 3992 millium
615 3929 840 4009 baptisatorum,
867 3939 1069 4010 susceptorum
1095 3949 1164 3990 6666
1190 3947 1250 3990 666

32 4017 171 4078 meminit.
209 4015 331 4080 Accedit
352 4017 426 4096 boc,
453 4021 530 4100 quod
554 4039 613 4079 uon
637 4016 724 4098 plane
749 4027 777 4078 et
802 4037 854 4096 666
871 4017 967 4078 omnia
990 4038 1054 4078 cum
1072 4017 1250 4080 ludaeorum

30 4125 110 4168 more
127 4101 295 4170 6611666161.
314 4138 350 4154 -
370 4104 397 4188 §.
415 4107 444 4169 6.
462 4103 671 4184 Bellarminns,
688 4104 820 4186 quamvis
838 4104 866 4164 id
884 4105 981 4167 dicere
997 4125 1164 4168 nonnosus
1180 4105 1258 4174 fue-,

30 4193 75 4268 rit,
104 4193 222 4255 ridetur
237 4204 332 4256 tamen
349 4195 437 4256 ritum
453 4195 533 4256 11666
550 4215 567 4256 6
583 4193 762 4275 temporibus
788 4191 984 4272 apostolorum
1007 4203 1157 4274 repetere3
1182 4193 1251 4254 citat

30 4301 155 4362 namque
173 4301 228 4361 666
249 4281 420 4364 antiquitate
444 4292 645 4362 susceptorum
663 4279 837 4362 Dionysium
861 4283 982 4363 16666,
1008 4301 1131 4362 eumque
1156 4280 1248 4361 primo

29 4366 95 4430 loeo
113 4381 142 4432 61
161 4379 228 4432 ante
246 4370 464 4432 Tertullianum
489 4372 629 4442 collocat,
654 4369 712 4430 imo
736 4367 843 4430 librum
867 4370 946 4431 11666
963 4391 1048 4450 quern
1073 4371 1155 4442 citat,
1181 4383 1248 4426 6666

30 4457 193 4538 genuinum
210 4457 264 4524 6161
281 4459 451 4544 apostolici,
476 4459 553 4524 1166
569 4455 768 4522 bellarminus
785 4477 892 4540 magno
908 4458 1008 4520 laboro
1024 4465 1147 4518 conatur
1164 4450 1253 4514 erin·-
