2942 4892
335 215 372 276 de
387 213 493 318 veteris
512 213 586 286 aad.
602 211 682 290 ubas
697 196 879 296 pestitentes
895 162 1006 296 rigore.
1142 281 1143 284 ,
1215 221 1281 292 aab

40 387 160 453 factas
176 388 291 468 iuerat,
316 393 504 474 presbytera,
528 391 680 473 pristinam
696 390 874 472 pravitatem·
892 399 921 455 et
937 389 1122 462 severitatem
1139 391 1169 473 ip
1184 391 1283 476 aarum

43 497 91 538 ac
121 477 298 564 dissolutam
321 481 436 543 rireadi
461 479 602 545 rationem
622 479 761 562 paulatim
778 481 993 562 degenerasse,
1021 491 1160 560 queratur
1179 485 1283 546 eodem

42 561 128 628 loco
147 565 342 646 sozomenus,
365 565 431 632 ides
450 579 527 632 certe
545 569 698 650 quiscum
717 571 886 650 presbytero
906 567 1022 632 sublata
1037 567 1125 635 simul
1142 579 1282 650 peccatu-

44 675 121 716 rnm
145 654 305 730 confessio,
320 655 432 720 sublati
451 677 577 738 qnoque,
602 655 652 738 qai
670 654 903 734 poenitentibus,
919 676 984 718 cum
1000 652 1110 722 luenda
1126 668 1281 738 essetpa-

43 740 140 804 blice
159 742 313 806 caminam
333 744 437 825 culpa,
464 744 577 807 ferendi
595 755 678 808 cruat
694 743 890 826 poenitentiae
916 743 1032 810 labores
1048 746 1121 806 adeo
1143 743 1280 814 difficiles
1348 769 1351 776 ’

44 841 79 892 ct
101 830 234 894 molesti.
274 832 338 894 llas
355 833 432 894 enim
448 852 556 896 causas
575 833 703 910 adducit,
732 852 797 897 cnm
815 831 926 894 minora
942 839 1028 894 antea
1045 841 1167 914 peccata
1184 833 1281 904 fuisse

45 917 175 996 scribit,
189 906 251 982 ὑπὸ
269 941 301 980 τε
318 913 427 990 αἰδοῦς
443 917 506 980 τῶν
521 908 764 1020 ἔξαγγελλόντων
779 907 835 990 τὰς
850 917 938 998 σφῶν
953 913 1056 982 αὐτῶν
1071 913 1281 1000 πλημμελείας

45 1006 103 1066 καὶ
133 997 198 1069 ὑπὸ
215 1007 378 1091 ἀκριβείας
394 1005 456 1068 ταῖν
477 1005 530 1073 ἐπὶ
545 1029 648 1084 consp
665 1006 857 1088 τεταγμένων
880 1005 1004 1089 κριτῶν.
1047 1007 1126 1090 Quid
1151 1009 1280 1075 adhaec

47 1094 226 1156 Petariusl
259 1095 384 1158 Sublata
407 1093 585 1176 poenitentia
609 1095 764 1158 confessos
792 1093 908 1176 quidem
933 1095 1030 1158 adhuc
1047 1093 1142 1158 luisse
1159 1096 1202 1157 ait
1221 1095 1281 1158 cri·

48 1183 140 1246 mina
168 1181 371 1262 poenitentes,
403 1182 516 1248 nullam
546 1194 643 1252 tamen
669 1183 788 1264 publice
815 1183 863 1245 soi
891 1184 1004 1263 pcccati
1034 1182 1284 1264 significationem,

47 1271 200 1348 dedisse,
222 1273 301 1352 ,quod
327 1292 417 1334 auum
443 1271 660 1353 paenitentibus
684 1292 776 1352 prave
798 1270 915 1333 fnisset.
958 1266 1015 1333 Sic'
1029 1269 1121 1350 igitar
1141 1273 1279 1356 majorem

46 1359 140 1422 illam
161 1361 200 1424 ad
217 1379 301 1423 omne
318 1357 420 1422 scelus
441 1360 641 1440 impunitatem
660 1369 688 1420 ct
712 1358 860 1422 licentiam
878 1379 915 1420 ex
933 1359 1050 1423 sublato
1071 1359 1189 1442 publice
1204 1381 1280 1440 poc·

48 1446 173 1510 uitandi
190 1468 289 1526 onere,
307 1468 367 1510 non
384 1469 423 1512 ea
443 1447 629 1520 confessione
648 1447 779 1522 sublate,
795 1467 871 1528 qaae
890 1457 1042 1526 superstes
1060 1446 1279 1515 onninamen-

46 1535 167 1609 sisset,
195 1548 325 1600 exortam
343 1535 440 1602 faisse
460 1535 586 1602 affirmat
603 1535 647 1598 ria
663 1537 767 1614 doctos
783 1545 870 1616 atque
886 1534 954 1597 binc
970 1555 1086 1618 qnoque
1104 1536 1141 1597 ad
1157 1534 1279 1600 lirman-
1318 1600 1321 1604 ,

48 1627 125 1686 dam
149 1623 274 1688 alterins
290 1643 374 1688 snam
394 1623 568 1690 sententiam
583 1641 685 1688 racem
704 1617 813 1692 αἰδοῦς
836 1642 895 1682 nou
920 1633 977 1684 tam
1001 1623 1184 1688 referendam
1208 1641 1276 1688 csse

47 1713 94 1776 ait
113 1713 154 1773 ad
171 1711 397 1790 confessionem,
413 1733 500 1794 qlnam
515 1713 554 1774 ad
569 1709 716 1793 publicam
733 1709 815 1773 illam
830 1709 980 1772 infamiam
999 1717 1028 1774 et
1041 1730 1176 1792 poenam,
1187 1731 1286 1796 quam

49 1799 249 1882 conjunctam
274 1799 440 1864 habuisset.
459 1800 613 1862 criminum
642 1797 811 1880 graviorum
840 1797 999 1862 consessio.
1047 1798 1172 1865 Sublata
1199 1799 1276 1871 enim

47 1887 250 1970 poenitentiae,
275 1888 356 1952 nulla
372 1896 424 1960 aut
439 1886 542 1952 leviori
562 1885 667 1950 deinde
685 1884 807 1950 allectos
826 1885 921 1954 fnisse
939 1885 1072 1950 homiues
1088 1887 1276 1967 verecundia,
1298 1881 1304 1887 ’

49 1977 135 2059 qnod
162 1975 282 2056 publica
304 1975 467 2056 ignominia
489 1998 525 2039 ac
546 1973 728 2042 cruciarium
750 1983 807 2038 tam
833 1971 978 2039 diuturnis
995 1973 1140 2042 carituros
1156 1995 1190 2038 se
1209 1996 1276 2042 esse

49 2064 180 2128 scirent.
224 2067 304 2132 Adeo
318 2067 489 2146 detorquet,
508 2085 583 2148 qaae
602 2062 685 2126 nulla
701 2063 880 2126 obscuritate
896 2061 1050 2140 laborant,
1072 2065 1164 2132 rerba
1179 2063 1275 2146 Soan-

50 2152 146 2217 nent.
182 2152 238 2219 Ubi
255 2153 331 2216 enim
349 2153 474 2234 scriptor
490 2153 538 2214 bic
554 2162 666 2216 remoto
683 2150 907 2239 poenitentiario
925 2149 1110 2232 superstitem
1128 2152 1276 2220 mansisse

50 2239 279 2304 confessionem
295 2240 506 2324 pristinamque
529 2239 713 2308 severitatem
737 2239 768 2302 in
792 2237 890 2304 laxam
917 2246 946 2300 ct
970 2239 1141 2303 dissolutam
1160 2239 1276 2306 vivendi

50 2329 201 2392 rabonem
223 2335 334 2393 tantum
358 2327 519 2410 collapsam
540 2327 635 2392 fnisse
653 2327 772 2405 scribit,
800 2328 877 2410 qnod
896 2348 955 2390 nori
977 2325 1104 2408 amplias
1125 2326 1276 2408 publicam

51 2420 162 2480 darent
176 2417 290 2498 peccati
307 2419 354 2484 sui
373 2415 639 2498 significationem?
669 2416 707 2478 Et
723 2413 940 2478 confessionem
958 2425 986 2477 ct
1004 2413 1151 2496 publicam
1169 2415 1276 2498 poeni-

51 2505 176 2568 tentiam
196 2504 359 2583 sublatam,
385 2525 507 2587 quoram
534 2514 690 2585 atrumque
718 2522 784 2567 anna
803 2503 975 2586 presbytero
999 2513 1184 2582 cessaverat,
1211 2501 1276 2568 col-

51 2593 162 2676 lapsae
183 2592 265 2656 illins
282 2593 446 2656 severitatis
473 2613 593 2656 causam
615 2593 738 2656 eundem
763 2589 950 2668 nominasse,
973 2589 1038 2672 quis
1057 2602 1120 2669 est,
1144 2591 1193 2656 cni
1217 2614 1277 2659 nou

52 2681 156 2744 statim
171 2683 334 2762 apparente
360 2681 421 2759 Qui
438 2681 529 2761 igitar
547 2679 677 2756 factam,
697 2690 730 2740 at
743 2689 802 2744 tam
822 2678 999 2760 imprudenti
1016 2679 1140 2742 coasilio
1158 2691 1277 2763 separet

51 2770 101 2834 vir
116 2771 233 2847 doctam
250 2790 325 2851 quaa
343 2779 440 2832 lamen
460 2768 619 2854 conjuncta
633 2767 772 2850 legantur
791 2769 868 2848 apud
890 2767 1108 2850 Soaamcauml
1139 2755 1282 2835 Tandem

54 2859 135 2940 quod
154 2877 253 2929 rocem
271 2851 379 2930 aidane
397 2860 433 2919 dc
451 2855 637 2918 confessione
653 2855 856 2936 accipiendam
869 2875 935 2917 csse
952 2861 1050 2934 negat,
1068 2852 1099 2916 in
1117 2873 1152 2915 eo
1171 2875 1276 2920 rursus

54 2944 183 3007 fallitur.
231 2944 348 3011 Diserte
380 2945 563 3008 Sozcmenas
600 2941 713 3004 minora
744 2950 831 3004 antea
861 2940 982 3018 fuisse,
1021 2939 1116 3022 inquit
1155 2953 1277 3024 peecata
1389 3015 1392 3028 Ι

54 3027 117 3094 ὑπ’
140 3027 250 3107 aldoin
269 3030 332 3094 rain
347 3021 588 3114 ἐξαγγελλόντων
605 3027 661 3108 uic
676 3025 764 3108 σφῶν
781 3022 884 3088 αὐτῶν
900 3020 1120 3107 πλημμελείας.
1150 3029 1276 3095 Rectius

8 3183 13 3199 ,
51 3120 124 3182 bine
143 3121 179 3182 ad
196 3127 321 3184 mentem
342 3119 503 3200 scriptoris,
519 3139 591 3182 roae
607 3109 715 3190 αἰδοῦς
732 3116 890 3198 praecipue
907 3117 945 3176 ad
964 3109 1149 3196 ἐξαγγελίαν,
1168 3119 1275 3182 deinde

52 3211 91 3270 ad
108 3205 258 3288 publicam
277 3206 427 3273 infamiam
445 3218 472 3268 et
491 3227 614 3288 poenam
632 3201 742 3280 relata,
762 3204 892 3280 dixeris,
910 3210 1038 3279 remoto,
1055 3203 1105 3284 qni
1121 3206 1275 3286 praeposi-

53 3308 101 3358 tas
119 3306 182 3358 erat
199 3294 433 3376 poenitentibus,
451 3296 640 3377 presbytero,
663 3292 694 3354 in
715 3291 887 3356 dissolutam
905 3290 1020 3354 vivendi
1038 3289 1179 3359 rationem
1195 3291 1275 3357 auti-

51 3403 143 3466 quam
167 3385 369 3465 degenerasse
394 3383 577 3446 severitatem
607 3390 658 3444 ant
681 3378 765 3448 nulla
780 3391 848 3462 post
864 3377 910 3442 rel
931 3379 1031 3442 leviori
1053 3382 1156 3444 ductos
1180 3381 1275 3455 inisse

53 3471 191 3534 homiues
214 3473 410 3548 verecundia,
435 3473 511 3552 qaod
538 3483 566 3533 et
590 3479 774 3550 peecatorum
793 3467 980 3532 confessione
1000 3479 1027 3529 et
1045 3465 1165 3548 publica
1183 3469 1274 3550 igno„

52 3559 145 3622 miaia
162 3579 198 3621 aa
215 3559 395 3625 cruciatibus
411 3559 557 3622 carituros
575 3577 608 3620 se
627 3579 693 3620 csse
712 3557 831 3620 scirent.
862 3593 897 3604 -
937 3554 965 3638 §.
984 3556 1014 3616 9.
1041 3555 1104 3619 Janr
1123 3577 1187 3622 cum
1208 3564 1274 3638 post

52 3646 203 3730 publicam
219 3645 301 3710 illam
321 3657 506 3728 peccatorum
527 3644 797 3711 connaissance
815 3645 911 3726 ipsam
927 3645 1161 3718 satisfactionem,
1183 3665 1272 3728 paam

52 3745 177 3812 vocant,
200 3743 363 3798 mannicum
378 3756 403 3797 s.
419 3741 602 3816 poenitentiae
622 3737 824 3813 professionem
846 3741 995 3794 externam
1019 3729 1202 3808 poenitentes
1219 3753 1273 3796 re.-

52 3823 183 3900 oissant,
207 3822 306 3886 multis
323 3845 359 3886 ac
374 3822 520 3884 diuturnis
536 3821 755 3901 defungendum
773 3819 810 3882 iis
827 3828 889 3881 erat
908 3816 1102 3898 poenitentiae
1119 3817 1272 3895 laboribus

51 3910 256 3996 plurimasque
287 3910 481 3974 exantladdae
506 3929 685 3986 aeramnae,
714 3915 749 3968 at
775 3915 896 3969 externa
921 3905 976 3966 bac
1007 3903 1272 3991 animadversionis
1301 3933 1310 3948 ·

52 3997 209 4062 severitate
242 4001 278 4062 ad
306 4006 493 4080 peccatoram
524 3996 704 4080 agnitionem
734 4005 761 4058 ct
793 3992 1012 4057 detestationem
1046 3995 1273 4076 adducerentur,

52 4096 207 4169 practerea
230 4109 347 4168 quoqne
374 4085 537 4166 gentilibus
558 4084 657 4163 magis
673 4083 830 4164 magisque
853 4081 883 4142 ia
909 4079 1012 4142 oculos
1034 4079 1197 4150 incurreret
1217 4107 1272 4148 ex.

52 4185 146 4238 trema
162 4174 298 4248 vitiorum
316 4177 393 4257 apud
412 4173 596 4239 Christianos
615 4171 804 4235 abominatio.
843 4169 939 4232 lllliser
955 4167 1077 4251 proinde
1095 4183 1123 4234 et
1148 4171 1272 4236 calauri-

52 4271 365 4330 camaracenorum
384 4272 464 4340 erat,
490 4261 519 4322 in
538 4259 756 4344 qaemsueraut
776 4256 912 4342 conjecti.
955 4255 1048 4320 Erant
1065 4262 1140 4340 eninr
1157 4261 1186 4322 in
1205 4260 1271 4325 loco
1305 4331 1310 4338 ‚

51 4350 231 4438 abdellam·
248 4349 400 4415 consortio
423 4369 547 4434 prorsus
573 4357 700 4426 remoto,
729 4346 821 4428 primo
848 4345 965 4431 quidem
992 4356 1075 4412 extra
1099 4349 1271 4430 templorum

51 4439 152 4518 fores,
174 4459 261 4508 uam
285 4437 522 4522 ingredientibus
546 4436 700 4522 quibusvis
715 4435 815 4518 signis
840 4433 971 4504 cateruis
989 4433 1197 4518 poenitentiam
1217 4435 1271 4498 de-

1001 4539 1069 4602 17*
