2944 4890
315 308 352 370 de
368 307 474 372 veteris
494 305 567 372 ecel.
583 306 662 372 circs
678 305 859 390 poenitentes
875 306 988 390 rigore.
1115 379 1120 386 ,
1197 309 1259 378 301

41 479 72 564 §.
90 482 121 544 5.
149 481 184 542 ln
199 483 277 545 hunc
297 483 424 564 rigorem
443 483 572 548 excrevit
591 483 740 565 prioribus
758 501 836 546 senc.
855 481 933 546 circa
951 482 1084 565 relapsos
1104 481 1263 562 disciplina
1338 531 1343 542 .
1408 463 1429 510 '¹

40 569 75 629 in
95 568 235 632 ecelesiis
255 571 398 651 plurimis,
416 572 478 633 lere
496 572 526 632 in
545 573 690 634 omnibus.
723 566 932 633 Ecclesiarum'
941 571 1186 652 paucissimarum
1202 569 1262 634 alia

39 656 205 725 luitratio.
250 658 284 718 ln
309 659 482 740 quibusdam
503 661 580 721 euim
597 680 633 722 ex
650 669 791 740 potestate
810 660 1021 740 prudentiaque
1046 657 1187 739 episcopi,
1211 657 1260 719 iu·
1337 697 1344 714 .

40 743 149 824 primis
174 747 199 808 sl
227 767 293 807 cum
321 747 434 827 ingenti
459 745 605 809 ecclesiae
625 746 818 808 emolumento
838 747 996 829 conjuncta
1015 757 1092 808 esset
1109 745 1261 826 lapsorum

39 833 209 908 restitutio,
236 834 344 896 crimen
362 837 493 896 secunde
517 846 659 916 patratum
686 833 862 916 poenitentia
887 835 973 896 etiam
991 835 1119 895 secunda
1141 831 1260 914 expiare

39 920 139 981 licuit.
172 920 304 996 Cerdcn,
326 921 456 984 veritatis
475 922 598 1000 adulter,
623 921 689 1004 plns
706 919 798 983 semel
817 920 1141 1002 exomologesiniecit,
1159 931 1260 984 autore

39 1009 169 1070 lrenace
195 1020 287 1073 contr.
310 1009 391 1072 haer.
411 1009 441 1087 3,
459 1013 489 1070 4.
532 1009 613 1082 ldem
638 1013 678 1086 dc¹
691 1008 846 1073 Valentino
872 1021 900 1070 et
925 1009 1080 1071 Marcione
1103 1008 1260 1071 haereticis

41 1095 253 1158 Tertullianus
273 1099 447 1158 testatur'de
465 1117 597 1177 praescr.
613 1097 693 1158 haer.
711 1096 763 1159 30.
809 1095 847 1156 Et
863 1096 1010 1176 Origenes
1029 1096 1143 1180 (homil.
1162 1095 1210 1159 15.
1228 1096 1261 1158 in
1345 1109 1348 1114 '

42 1205 112 1264 cap.
132 1183 185 1246 25.
202 1184 357 1262 Levitis.):
387 1191 423 1246 ln
442 1187 632 1263 pronioribus,
658 1181 714 1262 ait,
733 1185 893 1246 crintinibns
910 1187 992 1246 semel
1012 1194 1119 1246 tentam
1134 1186 1176 1246 ecl
1194 1205 1260 1247 roro

37 1276 226 1352 poenitentioe
241 1275 396 1334 conceditur
410 1274 496 1335 leone.
525 1273 625 1356 Digna
642 1282 719 1346 suut,
736 1291 812 1353 quae
828 1271 1104 1348 animadvertantur,
1119 1270 1259 1352 Origenls

38 1359 144 1421 verba.
189 1359 260 1422 Dari
287 1361 448 1422 secundam
470 1359 638 1440 graviorum
663 1359 814 1421 eriminum
838 1358 1045 1440 poenitentiam
1078 1379 1135 1420 non
1158 1369 1258 1439 negat,

39 1449 94 1509 sed
120 1467 188 1509 raro
212 1445 279 1528 plus
303 1447 393 1510 semel
416 1445 497 1509 illam
516 1447 636 1509 concedi
657 1445 705 1509 ait.
751 1446 852 1523 Quare
876 1445 926 1507 hic
947 1447 1033 1508 locus
1054 1445 1182 1525 insignis
1204 1457 1258 1525 est,

39 1534 115 1616 quia
145 1545 299 1616 utrumque
328 1537 442 1616 probat.
486 1534 684 1596 Accesserant
712 1531 827 1595 tau'dem
858 1533 988 1615 sequiori
1013 1544 1108 1595 aetate
1129 1554 1258 1597 canones

40 1621 221 1704 Patremque
246 1625 373 1700 decreta,
399 1621 506 1704 quibus
528 1621 668 1703 paulatim
685 1631 801 1684 rentum
822 1631 865 1683 est
883 1623 920 1682 ad
938 1620 1028 1683 nostri
1048 1622 1112 1684 aevi
1129 1641 1258 1684 cousue-

39 1710 185 1785 tudinem,
205 1719 235 1772 et
250 1710 386 1792 unicique
403 1719 590 1792 peecatorum
605 1717 671 1791 pest
686 1707 893 1790 poenitentiam
911 1729 1059 1792 nunqnam
1076 1707 1259 1774 noniudulta

38 1798 147 1875 venia,
175 1807 313 1879 quotquot
336 1797 386 1860 ille
410 1797 525 1860 vicibus
549 1797 651 1878 lapsus
674 1808 761 1879 atque
783 1796 920 1878 relapsus
940 1809 1027 1860 esset.
1071 1797 1161 1858 Forte
1184 1798 1257 1861 haec

38 1885 232 1966 indulgentia
251 1885 372 1948 crimina
390 1885 563 1948 iterantibus
583 1885 705 1966 primum
723 1884 786 1946 fieri
808 1884 902 1967 coepit
920 1895 1014 1948 aetate
1032 1883 1149 1966 Syririi,
1169 1885 1257 1952 Rom.

40 1973 158 2054 episc,
186 1972 235 2054 qui
261 1993 312 2035 eos
336 1973 367 2034 in
393 1971 533 2036 decretali
558 1993 613 2036 sua
629 1975 665 2036 ad
683 1967 863 2050 Himerinnr‘,
892 1971 984 2053 episc.
1001 1973 1258 2036 Tarraconensem

39 2061 130 2143 epist.
150 2061 179 2123 5.
201 2060 386 2142 recipiendos
403 2079 470 2124 esse
488 2063 666 2140 decreverat,
684 2082 743 2122 nou
761 2060 844 2142 prius
861 2059 929 2122 licet
945 2081 1032 2142 quam
1050 2059 1258 2140 moribundos3

39 2152 121 2231 quud
140 2149 226 2210 etiam
245 2158 347 2233 postea
366 2150 518 2230 probatum
535 2149 591 2212 luit
608 2170 691 2216 conc.
707 2148 866 2211 llerdensis
884 2149 1064 2226 doctoribus,
1088 2149 1137 2231 qui
1158 2149 1259 2232 relap-

39 2258 147 2299 sorum
166 2236 335 2300 criminibus
351 2236 549 2317 poeniteutiae
568 2248 681 2318 tempus
701 2237 785 2316 vitam
804 2257 917 2299 omnem
934 2237 1195 2317 praescripserant.
1214 2272 1258 2284 --

38 2323 67 2410 ξ.
84 2326 116 2387 6.
135 2323 182 2389 [lx
197 2323 358 2405 iisitaqne,
376 2345 450 2406 qnae
468 2325 616 2406 derigere
634 2325 712 2386 cirea
728 2324 828 2404 lapsos
845 2335 872 2386 et
889 2324 1071 2404 poenitentes
1088 2325 1213 2386 adducta
1230 2335 1258 2388 et
1348 2343 1350 2350 ’

37 2409 224 2492 antiquitatis
248 2411 420 2476 testimoniis
443 2415 560 2476 abunde
583 2411 696 2476 firmata
715 2411 851 2489 luerunt,
873 2408 940 2474 lnce
959 2410 1121 2474 meridiana
1146 2410 1257 2475 clarius

37 2509 182 2581 apparet,
215 2521 274 2581 qna
297 2499 460 2562 animorum
488 2500 672 2562 contentione
696 2501 732 2561 de
757 2500 959 2562 conservanda
983 2498 1012 2560 iu
1038 2499 1170 2562 coetibus
1192 2499 1256 2562 suis

38 2587 183 2652 sanctiori
209 2585 365 2668 disciplina
389 2588 497 2650 veteris
517 2586 661 2650 eeclesiae
681 2589 815 2650 doctores
833 2586 1047 2666 laboraverint,
1072 2607 1130 2668 qua
1147 2609 1184 2650 ex
1201 2591 1256 2652 ad-

37 2695 131 2740 verso
151 2675 305 2738 severitate
324 2675 353 2736 in
371 2696 432 2749 eos,
458 2675 506 2756 qni
522 2674 709 2754 gravioribus
728 2675 900 2738 laborabant
918 2674 1098 2754 criminibus,
1123 2675 1259 2740 animad-

38 2761 184 2827 verterint
199 2763 401 2845 neminemque
418 2765 492 2826 adee
510 2782 583 2825 suae
600 2761 795 2826 communioni
812 2763 1001 2841 restituerint,
1025 2761 1081 2823 nisi
1100 2763 1149 2844 qui
1167 2763 1256 2824 animi

38 2850 220 2932 poenitentis
237 2871 363 2932 vereque
383 2850 507 2914 dolentis
530 2850 634 2931 sigua,
659 2871 734 2932 quae
754 2853 790 2912 de
808 2851 874 2932 ejus
892 2848 1091 2924 conversione,
1117 2857 1256 2930 qnantum

39 2937 106 3000 fieri
132 2947 248 3020 posset,
273 2936 356 3001 tidem
382 2939 523 3018 lacerent,
548 2941 655 3000 ederet.
699 2935 764 3000 Non
790 2935 865 3014 dico,
885 2957 951 2999 vere
975 2937 1010 2997 ad
1028 2935 1122 2997 Deum
1141 2957 1257 3019 semper

40 3025 185 3104 converti,
209 3025 316 3108 quibus
335 3028 409 3088 adeo
434 3023 563 3089 difficilis
581 3035 659 3110 patet
682 3033 748 3106 post
764 3035 886 3105 peecata
909 3025 944 3085 ad
962 3021 1116 3086 ecclesiam
1134 3024 1257 3091 reditus.

38 3115 108 3178 Hoc
138 3121 233 3176 autem
258 3135 343 3176 nemo
371 3113 507 3194 negabit,
538 3113 646 3194 rigoris
673 3111 839 3198 hujusmodi
867 3109 1000 3190 exempla
1024 3131 1144 3172 eausam
1167 3133 1256 3194 saepe

40 3201 204 3283 praebere,
228 3209 260 3262 nl
282 3199 423 3277 aliorum,
448 3201 496 3284 qui
514 3201 603 3264 facile
620 3201 694 3263 llecti
720 3209 869 3280 poterant,
895 3198 1065 3262 cohibeatur
1088 3200 1212 3262 audacia
1230 3209 1257 3272 et

39 3287 185 3371 peccandi
218 3287 346 3353 licentia.
391 3291 486 3366 Quam
517 3293 591 3352 beae
619 3286 783 3351 consultum
808 3285 916 3350 luisset
945 3286 1106 3362 ecclesiae,
1131 3287 1158 3348 si
1186 3285 1257 3369 quid

38 3375 218 3439 austerioris
235 3375 322 3459 hujus
340 3375 513 3457 disciplinae
530 3376 690 3458 posteriora
707 3387 876 3439 servassent
893 3387 1033 3458 tempora.
1066 3370 1173 3440 llerunr
1191 3397 1257 3438 cum

38 3486 76 3527 ca
95 3461 264 3525 seculorum
283 3467 410 3526 decursu
427 3463 552 3527 subinde
569 3464 741 3542 mansuevit,
762 3466 790 3525 in
808 3465 946 3546 majorem
966 3462 1091 3526 subinde
1110 3463 1256 3525 lenitatem

38 3552 172 3631 deflexit,
191 3571 274 3613 nemo
287 3552 372 3613 ctiam
386 3551 546 3632 mirabitur,
564 3555 639 3635 quod
652 3552 885 3616 Christianorum
897 3561 1013 3614 nostrae
1026 3550 1129 3614 aetatis
1141 3549 1256 3613 vivendi

3 3691 4 3696 ,
36 3638 117 3702 ratio
145 3639 334 3720 aprimacra
359 3637 593 3702 Christianorum
614 3639 738 3721 pietate,
765 3639 959 3704 sanctimonia
984 3639 1060 3704 vitae
1086 3659 1257 3722 morumque

36 3725 211 3791 innocentia
228 3739 256 3791 et
272 3727 415 3810 probitate
434 3737 584 3810 tantopere
600 3728 831 3810 degeneraverit.
