2954 4906
245 213 313 280 aes
490 283 493 294 ,
548 225 553 232 ·
626 211 720 276 xurr.
762 209 844 278 stu.
864 167 1081 278 caesenae

245 471 315 543 tilis'
328 476 428 540 morito
444 473 621 558 adpellatur,
643 497 729 558 qnam
750 478 896 541 mordicus
913 477 1038 542 retinent
1053 475 1203 560 pontilieii,
1223 477 1279 544 sed
1298 471 1436 536 christia

245 570 284 633 ab
301 560 413 652 ἀταξίᾳ
430 562 583 646 gentilium
602 563 714 642 libera,
737 565 833 628 omnis
858 565 962 650 culpae
982 585 1109 648 expers,
1127 567 1206 627 nuda
1222 561 1395 638 ostensio,
1415 584 1430 642 q

243 655 334 719 fiebat
350 656 388 718 ad
405 651 588 718 excitandam
611 651 796 717 devotionem
823 661 852 717 ct
870 653 1078 729 reuerentiam,
1103 673 1190 735 quam
1214 651 1364 733 prolecto
1385 671 1445 711 otuu

245 741 407 809 Christiani
423 743 571 803 tremendo
588 739 656 801 huic
672 742 809 828 mysterio
827 743 942 819 debent,
958 753 1022 805 utut
1040 763 1097 803 nou
1115 737 1312 822 adorabilem.
1344 737 1405 800 Sic
1422 759 1461 818 nep

246 853 312 896 cum
329 828 411 896 uerbi
427 829 516 892 «lirini
537 827 669 890 minister
695 841 849 892 consecret
874 839 901 892 et
928 829 1075 911 liturgiam
1101 827 1293 890 christianam
1330 825 1458 908 apostoli·

246 941 311 986 enm
328 918 459 1022 peragit,
484 916 636 996 surgimus
660 937 696 978 ac
713 930 879 980 reverenter
897 917 992 980 Deum
1011 916 1146 980 colimus.
1183 917 1277 978 Nemo
1296 927 1410 976 autern
1425 937 1457 974 uo

217 1077 221 1086 ‚
246 1008 380 1072 stratium
403 1000 623 1088 eptolncper'oc
647 1003 756 1066 crimen
779 1005 911 1068 incurrit.
952 1005 1071 1069 Poterat
1093 1005 1178 1067 etiam
1204 1003 1316 1066 levatio
1337 1003 1428 1085 panis
1442 1001 1457 1062 ir

247 361 453 474 superstitiosa
468 385 520 450 illa
537 387 686 472 theatrica,
704 409 780 471 quac
797 387 828 452 lit
845 392 882 453 ad
899 371 1097 453 adorationem
1114 395 1143 452 et
1153 387 1237 472 justo
1255 384 1399 448 nomine
1414 399 1461 748 g}

81 1105 86 1122 '
187 1169 194 1175 ,
244 1094 392 1188 primitiva
408 1091 535 1156 ecclesia
554 1101 672 1172 propter
690 1092 854 1173 exemplum
876 1092 985 1155 Christi
1005 1091 1232 1170 usitataluisse,
1249 1091 1312 1173 qui,
1333 1101 1369 1152 ut
1386 1087 1457 1170 aliqu

246 1183 426 1267 conjiciunt,
451 1181 509 1242 ritu
522 1181 700 1242 ludaeorum
718 1189 847 1260 retento,
871 1203 950 1244 errore
966 1181 1043 1244 avito
1062 1202 1165 1263 panem
1182 1179 1211 1240 iu
1233 1181 1330 1241 altum
1353 1177 1456 1239 sustuli

246 1283 275 1337 et
292 1271 413 1335 calicem
429 1285 492 1331 utcu
508 1267 528 1330 i.
545 1289 581 1346 e.,
606 1267 759 1344 adlevavit,
777 1287 847 1330 curn
860 1269 1054 1344 benediceret.
1094 1269 1153 1331 Sed
1177 1268 1207 1328 in
1226 1289 1257 1329 re
1276 1278 1340 1330 tam
1363 1267 1456 1328 iucem

245 1358 319 1425 nihil
337 1361 556 1422 adseveramus.
580 1353 765 1418 Scholiastes
783 1355 920 1436 liturgiae
938 1356 1144 1438 graecanicae,
1161 1355 1269 1418 Germ
1281 1375 1327 1417 an
1339 1375 1402 1432 us,
1418 1359 1462 1436 pa?

246 1447 374 1512 triarcha
393 1445 547 1507 Constant.
564 1443 684 1506 scribit:
709 1443 827 1522 „illatio
853 1444 883 1505 in
899 1446 989 1508 altum
1014 1442 1172 1509 uenerandi
1191 1443 1327 1524 corporis
1349 1463 1456 1522 reprae-

245 1545 342 1604 sentat
358 1531 455 1596 crucis
474 1530 644 1607 elationem,
663 1541 691 1592 et
710 1545 829 1594 mortem
847 1531 875 1592 in
893 1553 945 1611 ea,
964 1546 992 1595 et
1009 1533 1103 1614 ipsam
1121 1531 1404 1599 resurrectionem.“
1435 1533 1455 1590 ll

245 1636 344 1688 autem
361 1618 471 1682 nullam
488 1618 547 1682 reri
565 1619 784 1682 similitudinem
801 1621 905 1699 habet,
928 1621 986 1682 nisi
1004 1623 1094 1684 verba
1111 1619 1295 1702 patriarchae
1310 1621 1349 1680 de
1368 1627 1455 1698 postr-

244 1711 374 1774 rioribus
390 1708 624 1771 Christianorum
645 1707 755 1770 seculis
778 1707 942 1788 intelligas,
963 1709 1011 1772 ubi
1028 1709 1106 1771 laeta
1122 1707 1179 1768 luit
1193 1707 1261 1768 ideo
1279 1703 1420 1784 elevatio,
1436 1721 1453 1767 nt

246 1797 379 1881 corporis
397 1795 505 1858 Christi
523 1795 552 1856 in
571 1815 659 1856 cruce
676 1795 830 1858 clationem
848 1797 1043 1859 adumbraret.
1085 1795 1163 1874 Quid
1181 1793 1327 1860 multum?
1363 1795 1452 1856 Cultus

243 1884 448 1950 idololatricae
467 1880 519 1945 ille
541 1893 586 1944 est
610 1882 746 1962 gentilis,
775 1893 875 1945 eontra
893 1884 1060 1947 Servatoris
1084 1883 1272 1945 intentionem
1292 1891 1321 1944 et
1338 1882 1452 1964 purioris

246 1955 392 2039 ecclesiae
408 1971 529 2052 praxin,
545 1990 564 2030 a
581 1971 670 2050 papis
682 1970 840 2050 Romanis,
865 1971 1044 2034 ethnicarum
1063 1970 1305 2052 superstitionum
1323 1969 1452 2052 patronis,

244 2063 388 2138 inuectus,
406 2058 475 2140 paui
493 2068 665 2119 consecrato
681 2057 820 2138 deinceps
839 2062 876 2122 ab
895 2061 1031 2122 omnibus
1049 2080 1142 2142 papae
1159 2055 1296 2136 asseclis,
1314 2079 1370 2138 pro
1389 2081 1452 2119 more

244 2151 276 2213 in
293 2166 416 2213 romanu
432 2145 570 2221 ecclesia,
587 2143 675 2206 liceat
691 2145 731 2206 ita
748 2143 840 2227 loqui,
857 2145 1059 2228 gentilizairte,
1077 2168 1192 2227 semper
1209 2153 1338 2226 recepto,
1357 2168 1449 2226 super·

234 2238 381 2314 ¹additus,
405 2255 477 2315 ergo
493 2231 707 2296 ahouriuandus
725 2243 752 2294 et
769 2236 968 2302 detestandus.
1005 2237 1114 2298 Eodem
1132 2233 1277 2316 pertinent
1293 2234 1449 2314 processio·

244 2347 300 2390 nes
318 2322 542 2406 pontificiorum,
560 2320 619 2382 ritu
635 2321 722 2397 auito,
739 2321 758 2381 i.
777 2343 803 2384 e.
821 2323 991 2402 gentilium,
1008 2333 1163 2404 susceptae
1179 2331 1207 2384 et
1224 2317 1373 2404 peractae.
1413 2322 1450 2383 Sir

244 2413 308 2476 Leo
325 2413 375 2477 lv.
394 2411 463 2473 Sec.
484 2410 543 2491 jam
562 2409 613 2471 lX.
632 2408 747 2486 missis,
772 2431 848 2492 aqua
872 2411 1042 2489 benedicta,
1067 2409 1238 2472 circuitione
1264 2416 1292 2470 et
1314 2409 1450 2490 precibus,

245 2499 350 2582 quales
368 2497 441 2558 ritus
464 2496 642 2558 ethnicorum
668 2498 875 2576 processiones
898 2509 927 2561 et
949 2498 1173 2581 superstitiones
1199 2497 1323 2580 egregie
1348 2499 1451 2560 exseri-

243 2590 333 2662 bunt,
357 2579 502 2664 Leopolin
528 2585 629 2644 urbem
656 2605 759 2646 recens
783 2596 880 2648 natam
905 2587 1039 2650 lustravit
1066 2597 1093 2648 et
1109 2584 1311 2662 consecrarit,
1336 2597 1367 2646 nt
1385 2595 1450 2648 esset

242 2669 499 2756 propugnaculum
523 2680 624 2732 contra
650 2671 827 2736 Saracenos.
868 2674 931 2739 Vid.
957 2675 1077 2738 Centur.
1100 2671 1244 2754 Magdeb.
1270 2671 1356 2735 Cent.
1382 2675 1411 2735 9.
1427 2675 1446 2734 6.

122 2819 132 2840 χ
242 2783 274 2844 p.
292 2757 365 2823 134.
406 2760 500 2840 htquc
524 2757 568 2819 sic
587 2759 746 2836 Batonius,
772 2769 846 2822 teste
864 2762 1058 2840 Casauhono,
1083 2762 1212 2822 absurde
1238 2771 1265 2822 et
1291 2760 1357 2840 plus
1374 2783 1447 2841 qtran

243 2847 398 2932 pueriliter
415 2846 524 2922 statuit,
544 2846 661 2908 missam
680 2837 820 2910 alitcobo
837 2852 873 2912 ad
885 2849 1175 2930 Hierosolymitanos,
1193 2847 1311 2909 aPetro
1330 2861 1356 2909 et
1367 2842 1448 2910 Panlo

243 2941 281 2999 ad
297 2938 449 3000 Romanos
473 2935 599 2997 venisse.
650 2937 830 3016 Ignorabant
854 2959 952 3000 rocem
978 2937 1085 3000 missae
1109 2935 1282 3016 interpretes
1307 2947 1335 2997 et
1358 2938 1463 2998 Parem

220 3031 222 3038 '
243 3023 444 3101 vetustissimi,
462 3045 496 3084 ac
514 3022 636 3103 proinde
650 3024 876 3104 'superstitiones
893 3025 976 3106 ipsae
999 3023 1059 3086 illis
1077 3031 1164 3086 notae
1180 3021 1382 3092 muniuerunt.
1413 3026 1463 3085 lle*

242 3111 481 3194 processionibus
515 3110 669 3189 gentilium
705 3111 813 3191 pariter
844 3133 879 3174 ac
913 3113 1125 3193 pontificiorum
1157 3109 1282 3192 aliisque
1313 3111 1445 3173 similibus

242 3198 501 3281 superstitionibus
518 3197 647 3258 conferri
665 3211 811 3260 merentur
825 3200 878 3262 En.
898 3201 1111 3282 Spanhemius,
1137 3200 1163 3260 J.
1180 3197 1270 3279 Casp.
1287 3197 1443 3280 Kregelius,
1462 3257 1463 3282 ,

167 3317 170 3331 ·
240 3287 286 3350 Jo.
304 3288 393 3363 Faus,
416 3283 482 3346 Nic.
501 3284 639 3347 Serariur
658 3296 685 3346 et
699 3287 801 3349 larcob.
820 3286 988 3352 Gretserus.
1018 3289 1171 3350 Hactenus
1189 3285 1347 3366 demissa,
1370 3309 1442 3369 quau

242 3373 359 3456 quidem
386 3371 548 3454 potuissem
571 3373 626 3454 ipsi
652 3373 816 3436 tractationi
848 3374 987 3438 inserere.
1037 3377 1096 3438 Sed
1124 3371 1169 3438 vel
1192 3373 1276 3452 ideo,
1301 3377 1442 3436 occasione

241 3460 325 3525 vocis
342 3460 467 3538 missae,
493 3461 578 3542 cujus
602 3472 726 3542 etymum
749 3461 893 3540 indagare
918 3465 1075 3540 debebam,
1098 3461 1284 3550 praemittere
1307 3462 1382 3524 illam
1398 3486 1440 3526 uo·

196 3605 197 3610 ,
240 3548 369 3623 luimus,
403 3569 440 3610 ne
460 3549 599 3628 deinceps
625 3559 719 3608 actum
744 3569 835 3626 agere
852 3550 1010 3613 uideamur.
1051 3545 1440 3626 Derocubuloe'pode‘ourt

240 3629 364 3718 dydnrpc
387 3657 457 3698 uoce
476 3657 529 3715 pro
547 3635 668 3696 instituti
688 3635 778 3696 nostri
797 3635 908 3699 ratione
927 3638 1003 3701 inira
1022 3635 1165 3699 nonnulla
1182 3637 1389 3700 aelnotubimus.
1406 3672 1450 3694 -.

240 3723 269 3808 §.
283 3725 314 3786 9.
330 3724 430 3786 Causa
447 3723 579 3785 ellieiens
595 3721 867 3802 principalis‘solus
879 3725 961 3787 Dens
979 3725 1130 3789 Unitrinus
1148 3735 1202 3804 est,
1220 3723 1337 3806 speciali
1356 3735 1437 3787 auten

239 3809 354 3872 ratione
379 3812 475 3872 Filius
496 3809 552 3872 Dei
576 3807 735 3890 ἔισαρκος,
769 3811 817 3892 qui
845 3803 1099 3896 neironpoonirrme
1122 3833 1148 3875 s.
1174 3811 1299 3893 synaxin
1319 3812 1437 3876 instituit.

240 3895 371 3960 Causam
389 3893 606 3960 ministerialem
632 3897 814 3960 constituunt
829 3898 976 3962 eeclesiae
994 3899 1133 3962 Ministri.
1168 3897 1255 3962 Certe
1272 3903 1343 3980 apud
1361 3901 1442 3963 Chri--

238 3983 352 4046 stianos
371 3996 495 4048 veteres.
508 4005 533 4050 s.
551 4005 660 4046 coenae
677 3987 929 4050 administratores
952 3989 1034 4051 luere
1052 3986 1195 4068 apostoli,
1219 3987 1272 4050 riri
1289 3988 1436 4068 apostolici,

206 4149 208 4163 μ
239 4070 381 4152 episcopi,
399 4073 606 4154 presbyter-iot
623 4076 798 4155 quandoque
815 4073 941 4153 diaconi,
966 4097 1017 4157 per
1033 4093 1108 4156 quos
1127 4077 1163 4137 ad
1180 4077 1321 4152 absentes,
1337 4077 1381 4156 qui
1398 4077 1434 4140 rel

238 4179 292 4240 per
308 4160 439 4220 morbum
464 4160 508 4222 rel
532 4160 645 4222 serrium
664 4161 708 4222 vel
733 4161 791 4224 alia
817 4165 853 4222 de
876 4183 969 4226 causa
987 4164 1081 4226 sacris
1099 4163 1291 4226 conventibus
1307 4163 1433 4226 interesse

237 4265 298 4306 non
315 4257 497 4348 peierante.
515 4247 692 4310 eucharistia
710 4249 884 4312 mittebatur.
918 4251 1024 4312 lustin.
1042 4251 1130 4312 Mart.
1148 4249 1268 4334 apolog.
1285 4252 1312 4314 2.
1327 4273 1350 4332 p.
1363 4254 1432 4314 162:

236 4327 257 4414 ἡ
275 4325 415 4404 illudente
431 4331 480 4393 καὶ
496 4328 515 4412 r'p
532 4323 708 4412 μετάληψις
723 4325 784 4398 o’nd
809 4330 1180 4419 raineriprapcocopds'vrmv
1202 4327 1316 4416 ἑκάστῳ
1329 4337 1431 4422 γίνεται

147 4454 149 4462 ‚
237 4419 287 4482 nel
304 4419 370 4492 soie
393 4410 431 4482 oii
446 4415 583 4502 παροῦσι
607 4408 658 4480 dori
683 4419 745 4483 cuin
769 4410 922 4484 drautionis
937 4423 1104 4503 πέμπεται.
1136 4423 1299 4506 Aliquando
1312 4426 1360 4486 hoc
1376 4438 1431 4489 erat
