2942 4892
303 285 339 347 do
353 269 465 350 raterio*
480 283 555 360 eorl.
571 284 651 356 uiros
667 239 851 369 poertter'ns
871 283 982 366 rigore.
1163 259 1255 345 'm'

29 453 101 518 liar-i
119 452 263 520 Patribus
277 479 358 523 ruore
373 457 531 544 loquendi,
557 462 691 544 mpttnlto
707 473 734 525 et
749 468 900 539 eononteo,
923 477 1000 543 quae
1021 477 1129 522 severa
1140 457 1254 540 ubique

30 563 134 626 poena
152 563 297 610 ιιιιιιιιι
313 547 414 629 nigore
431 549 672 628 eeolesia,seonli
691 549 773 628 leges
788 550 936 632 sangnine
953 547 1148 612 vindicabant.
1172 545 1252 608 Ilios

29 635 268 708 ramoadnttttr,
284 641 526 702 maeaorouotau
540 649 567 700 et
583 641 786 702 immriratbtlio
802 638 879 701 diota
897 635 1101 712 Tertulliano,
1125 653 1250 716 qnorum
1370 681 1376 690 .

30 720 277 785 remittendorum
294 723 388 786 Deum
410 725 440 786 in
457 725 505 788 bis
523 726 609 788 terris
625 725 768 789 ecelesiae
784 724 894 789 lenisse
916 725 1046 807 copiam,
1073 742 1139 786 oum
1157 741 1175 784 a
1192 723 1249 809 do-

31 809 131 870 ιιιίιι
149 809 294 873 eatlaoliua
308 811 339 873 in
355 811 489 876 Montani
506 833 620 876 errores
637 815 741 896 lapsos
760 824 848 893 esset,
866 812 993 894 negarit.
1018 811 1137 873 anlnrn
1153 819 1250 872 tauron
1281 853 1288 864 .

32 894 157 958 illorunr
174 898 310 978 gravius,
335 899 364 960 in
389 904 466 982 qood
490 902 629 984 majorem
652 902 737 964 etiarn
756 901 929 984 disciplinae
946 919 1019 962 snae
1038 899 1166 980 rigorem
1185 901 1250 960 stass

31 992 170 1062 tuerent,
198 986 307 1048 crimen
332 987 477 1052 eeclesiae
500 989 552 1052 illa
576 999 672 1052 aetate
697 991 790 1054 risum
812 989 868 1052 init
894 987 1069 1050 idololatria.
1115 986 1253 1048 Graviter

29 1092 101 1134 sane
120 1071 155 1132 in
174 1070 255 1134 illam
271 1073 378 1138 ioreeti
396 1077 571 1160 antiquioris
587 1079 652 1140 aeri
670 1080 814 1140 dootores.
846 1080 1006 1157 Prtaotpuln
1024 1083 1125 1138 ramea
1141 1077 1252 1156 penem

29 1162 160 1233 bemont,
179 1180 305 1224 ιιιιιιιι
319 1167 405 1226 mooli
422 1175 526 1239 ιιιιιιι,
548 1177 606 1228 totu
622 1187 710 1228 roasa
723 1169 825 1245 judaea
838 1169 1008 1237 idololotria,
1026 1163 1066 1224 ait
1083 1159 1254 1224 Tertullin-

32 1267 90 1308 nos
115 1250 170 1329 (du
191 1251 351 1314 idololotria
374 1271 405 1332 p.
423 1254 491 1332 85).
542 1260 687 1316 Snmmrmr
709 1257 836 1316 debanna
859 1251 1052 1315 idololatriam
1075 1269 1164 1332 saepe
1182 1249 1251 1312 dieit
1379 1276 1382 1280 ·

31 1334 215 1416 Cyprianus,
232 1336 391 1422 aliquando
407 1347 603 1419 proardmnm
622 1352 647 1402 et
666 1353 834 1415 entremonr,
858 1349 955 1420 inpono
970 1351 996 1400 ιι
1011 1347 1174 1401 immensam
1194 1341 1250 1400 uid.

29 1425 142 1502 epistol.
164 1425 300 1501 15-17,
318 1436 347 1488 et
363 1423 415 1489 36.
450 1428 487 1490 Et
504 1428 669 1508 Gregorius
687 1430 759 1492 Nan.
777 1429 910 1510 (oration.
932 1431 1111 1510 xxxvttt.
1130 1433 1210 1486 aon.
1224 1431 1251 1486 l.

32 1515 121 1590 oper.
140 1531 208 1591 pap.
224 1533 261 1576 nr.
279 1513 370 1591 020.)
387 1513 517 1596 ἔσχατοι
531 1513 595 1576 τῶν
611 1512 712 1577 mania
729 1512 782 1576 aori
798 1513 940 1598 πρῶτον,
957 1519 1034 1575 sieut
1049 1523 1077 1574 et
1092 1515 1182 1574 esulae
1199 1520 1250 1574 tn·-
1303 1513 1308 1524 “

29 1599 162 1679 reptalio
177 1598 373 1663 idololatriam
389 1611 474 1665 roont
490 1603 664 1665 Larentina
680 1611 774 1667 lnettt.
789 1606 845 1666 dio.
863 1604 885 1676 Ι,
905 1604 955 1664 ld.
988 1600 1071 1666 Unde
1088 1599 1174 1661 otiam
1192 1609 1251 1662 taur

29 1686 141 1748 aeriter
160 1692 191 1747 et
204 1687 307 1768 poenis
323 1688 386 1752 iere
401 1689 550 1753 inusitatis
565 1691 596 1754 in
615 1711 685 1768 eos,
711 1691 759 1774 qni
783 1691 872 1773 hujus
890 1689 932 1752 roi
949 1700 1047 1764 erant,
1075 1689 1183 1770 ubique
1200 1688 1250 1748 iu·

30 1780 134 1836 reatos
151 1771 246 1837 lonso
262 1773 390 1856 legimns
407 1778 600 1840 ecelesiarum
615 1778 769 1856 antistites,
786 1779 815 1839 in
833 1777 955 1861 synodis
972 1775 1113 1857 imprimis
1131 1787 1159 1838 et
1175 1781 1249 1836 oon-

31 1860 128 1935 oiliis,
158 1881 235 1942 quae
258 1863 334 1927 loois
360 1865 502 1942 dirersis,
526 1877 655 1948 tempere
678 1887 794 1948 qnoque
819 1868 935 1930 tineae
953 1863 1103 1928 celebrata
1119 1863 1249 1926 fueraut.

28 1949 151 2012 Poenas
167 1949 373 2033 episcoporum
389 1953 548 2016 oanouioas
561 1955 699 2018 uirilibus
716 1972 832 2038 quoqne
851 1964 1009 2031 auxerunt,
1024 1973 1061 2015 ex
1071 1969 1136 2034 'quo
1152 1971 1250 2014 rerum

31 2037 115 2118 potiti
135 2047 207 2100 suut
228 2037 418 2121 imperatores
435 2041 606 2123 obristinni,
631 2043 681 2125 qui
706 2042 737 2104 in
755 2043 860 2105 summi
884 2041 972 2124 bajus
995 2040 1121 2104 sceleris
1136 2051 1249 2104 reatum

29 2145 136 2188 serere
153 2125 343 2192 animadverti
368 2127 487 2210 pnbliun
512 2130 587 2209 lege,
603 2139 776 2194 sanxerunt.-
820 2131 865 2194 lle
886 2129 1078 2194 Constantino
1104 2128 1188 2192 testis
1205 2136 1252 2190 est
1383 2192 1390 2196 .

30 2212 406 2297 Constantius,Augustos
423 2219 488 2300 ejus
504 2217 595 2297 titius,
611 2220 696 2302 eujus
714 2219 860 2282 sententia
876 2219 923 2280 rel
940 2217 1048 2299 rapitis
1065 2217 1249 2279 nondemnati

30 2300 171 2378 tuemur,
197 2302 247 2384 qui
262 2323 349 2368 saura
366 2304 423 2366 diis
443 2305 593 2384 saoeraot,
618 2307 704 2369 benis
727 2309 850 2388 insuper
868 2304 979 2368 multati
996 2307 1149 2382 omnibns,
1174 2323 1250 2385 ιιιι

26 2389 151 2471 juribus
168 2387 230 2452 isai
247 2391 469 2457 addinebnntnr.
511 2395 609 2477 Hujus
627 2393 791 2476 exemplum
808 2393 901 2456 secuti
919 2394 990 2474 ejus
1011 2393 1040 2454 in
1064 2413 1157 2469 repno
1177 2411 1249 2452 sne-

30 2477 408 2560 oessoresf'l'beodosios,
426 2481 588 2558 Arcadius,
606 2483 755 2544 Honorias
773 2482 972 2563 imperatores,
993 2500 1058 2542 enno
1078 2479 1250 2543 Theodosio

28 2565 160 2646 juniore,
177 2585 300 2648 qnorum
316 2587 419 2632 oannes
436 2569 533 2632 varias
551 2571 655 2647 adbuc,
677 2573 767 2633 doras
783 2591 877 2652 aeque
894 2579 923 2631 et
938 2573 1061 2632 acerbas
1078 2573 1116 2631 ab
1133 2569 1180 2646 iis,
1199 2569 1249 2650 qui

30 2653 180 2715 idoloru-
203 2654 312 2736 templa
333 2656 558 2737 ingrederentur
577 2659 675 2741 iisque
700 2680 752 2741 per
775 2657 922 2724 saorilieia
945 2655 1052 2720 ooltnm
1070 2657 1250 2734 exhiberent,

30 2760 148 2824 poenas
166 2743 337 2824 repetiisse,
358 2753 399 2806 tot
419 2763 519 2807 eorum
538 2745 623 2826 leges
640 2755 801 2824 testantur,
821 2764 897 2827 qnae
914 2745 1015 2808 ordine
1033 2745 1252 2806 soo‘habentur

30 2831 57 2890 in
77 2828 194 2892 cadiae
212 2830 434 2897 Theodosiana
473 2869 508 2882 -
526 2831 570 2914 x§.
588 2835 619 2896 2.
645 2834 710 2896 Non
734 2853 796 2895 nna
822 2844 917 2896 tameo
943 2836 1102 2913 eademqne
1122 2832 1250 2911 illorum,

29 2917 81 2998 qui
108 2916 294 2982 idololatriae
317 2919 440 2984 erimine
460 2941 497 2984 ex
520 2919 697 2984 Christianis
721 2941 789 2984 sese
814 2919 998 3002 polluerant,
1024 2927 1087 2981 erat
1111 2919 1250 2986 renotata

29 3005 171 3068 Fuerunt
185 3005 247 3086 alii,
264 3007 315 3089 qni
329 3007 413 3070 ¹onlla
430 3009 607 3072 necessitate
624 3009 726 3082 eonati,
743 3009 817 3070 forte
833 3011 870 3070 od
887 3007 1019 3083 delirius,
1037 3007 1145 3091 onibus
1163 3006 1252 3088 pelli·

29 3093 153 3156 aiebant
168 3094 306 3174 gentiles,
320 3106 431 3170 nepeta
446 3096 624 3160 ebriatinnae
640 3095 794 3176 religionis
814 3096 955 3169 doetrinn,
968 3096 1003 3157 ad
1021 3092 1164 3158 idolorum
1182 3096 1250 3156 onl-

29 3191 95 3244 tun
112 3183 311 3260 secedebant,
334 3184 385 3246 alii
408 3185 503 3248 saeris
522 3185 754 3249 Christianorum
777 3185 898 3260 initiati,
926 3205 1108 3264 pergamorum
1133 3183 1249 3264 quidem

28 3269 233 3333 absurditates
249 3278 279 3334 et
294 3272 530 3354 superstitionem
548 3271 783 3349 detestabantur,
804 3283 834 3335 nt
848 3273 1014 3334 furentibus
1033 3271 1249 3352 persecutioni·
1368 3268 1370 3272 ’

28 3361 107 3436 bus,
138 3377 203 3422 ιιιι
220 3369 270 3422 ιιι
285 3359 510 3424 uaeriioandnrn
529 3372 607 3424 esset
624 3370 674 3424 ant
690 3363 886 3436 moriendum,
914 3361 1096 3423 eruointibns
1119 3361 1250 3438 terendis

27 3447 181 3527 impares,
204 3445 376 3514 immanitati
402 3469 502 3512 eornm
518 3440 671 3514 redoleant.
716 3450 793 3512 Hine
817 3448 984 3512 idololatria
1007 3462 1162 3530 sporrtuaeo
1181 3447 1249 3521 alia,
1348 3509 1351 3522 ,

28 3534 92 3599 alia
108 3545 214 3598 ιοιιιι.
249 3535 310 3598 Sat
327 3545 355 3598 st
370 3539 473 3600 directo
491 3535 568 3619 alia,
596 3538 656 3600 alia
673 3541 823 3612 iadirmtor
845 3535 928 3598 illins
945 3539 1183 3616 postulabantur,
1200 3533 1249 3616 qni

28 3643 114 3687 moro
134 3614 287 3704 gentilium
305 3627 342 3687 ad
360 3645 429 3688 aras
445 3627 564 3688 deornm
583 3629 776 3702 assedentes,
798 3627 835 3688 iis
851 3635 903 3690 aut
917 3623 1102 3687 immolarent
1116 3635 1166 3685 ant
1181 3625 1249 3684 tbns
1340 3671 1350 3688 a

28 3708 204 3788 adolerent,
228 3711 338 3774 entra·
355 3713 409 3775 boe
433 3716 517 3776 modo
535 3713 699 3776 deierantes
721 3714 830 3793 idolis,
854 3733 939 3794 qoem
964 3734 1032 3775 roro
1051 3711 1168 3774 nonnisi
1184 3711 1249 3784 Dea

29 3799 137 3863 deberi
153 3799 237 3882 priua
254 3801 349 3862 edocti
365 3801 492 3866 inerant.
523 3799 691 3864 ldololatria
708 3809 737 3864 et
754 3813 874 3864 externa
886 3799 964 3863 ,base
981 3801 1101 3879 agnitae
1117 3798 1250 3862 raritatis

27 3888 151 3951 diuinae
167 3888 327 3969 abnegatio
343 3890 500 3970 sonjoneta
517 3890 661 3952 interdum
679 3900 759 3967 erat,
779 3889 920 3969 imprimis
937 3889 962 3949 si
981 3899 1143 3968 spontanea
1160 3897 1250 3965 esset,

28 3977 124 4040 nullis
141 3985 256 4040 extorta
272 3977 473 4056 cruciatibus,
493 3997 557 4040 nom
577 3978 731 4059 apostasia
744 3978 873 4054 interna,
890 3977 1089 4056 blasphemia,
1108 3987 1250 4057 perseeu-

29 4066 112 4129 tione
131 4064 219 4128 etium
236 4065 369 4141 fratrum,
387 4067 417 4128 in
436 4087 510 4148 qnos
528 4069 645 4142 endem,
663 4083 723 4147 qna
738 4064 864 4144 gentiles
879 4064 954 4144 ipsi,
972 4062 1143 4127 erudelitale
1160 4083 1250 4146 saepe

6 4197 7 4202 η
29 4153 170 4235 grassari
191 4153 326 4216 solebant
350 4162 520 4236 apostatae,
546 4151 612 4216 sola
636 4153 779 4214 interdum
801 4161 937 4228 externa,
960 4173 1026 4214 rum
1054 4154 1187 4216 etbnioos
1205 4153 1250 4213 si·

28 4243 179 4305 molareot
190 4241 360 4319 Gbristiani,
378 4253 416 4317 et,
432 4263 507 4323 quae
524 4241 611 4302 idolis
628 4261 713 4304 saera
735 4249 855 4302 externa
870 4240 1012 4318 lacerent,
1030 4261 1065 4303 en
1082 4241 1161 4303 intua
1178 4261 1250 4302 enez

28 4340 195 4394 orarentur.
241 4330 326 4408 Quod
342 4329 369 4392 si
390 4329 547 4412 participes
565 4332 649 4391 modo
667 4331 857 4392 redderentur
872 4328 1065 4405 idololatriae,
1084 4327 1249 4390 idololatria
1354 4337 1355 4346 ’

28 4421 104 4484 base
122 4427 187 4481 erat
204 4417 355 4481 indireeta.
391 4418 459 4480 Hne
475 4418 562 4497 reler,
581 4417 608 4479 si
626 4417 850 4480 convivarentur
870 4437 935 4478 oum
955 4417 1081 4500 paganis
1097 4417 1144 4476 die
1160 4413 1249 4474 idolis
1325 4455 1331 4461 .

26 4507 148 4582 solenni
168 4516 198 4569 et
213 4505 307 4593 desto,
335 4505 363 4571 si
377 4507 547 4608 eoolerrsnt
563 4505 673 4590 aliquid
691 4527 707 4570 o
722 4504 975 4589 frugibusterrae
991 4507 1027 4568 ad
1042 4501 1184 4571 libamina
1199 4511 1250 4567 nm
1343 4577 1348 4586 Ι
