2944 4898
698 1063 899 1150 XXXII.

194 1286 231 1374 J.
263 1281 477 1374 Godofr.
509 1285 770 1396 Zentgrev
812 1284 866 1369 de
902 1280 1051 1369 ritibus
1088 1278 1438 1394 baptismalibus

596 1420 727 1506 seculi
765 1419 937 1507 secundi
948 1417 1000 1533 ⁴⁴).
1148 1438 1158 1449 ”

283 1673 313 1756 §.
331 1674 361 1737 1.
382 1671 516 1735 Animum
533 1672 630 1734 debita
647 1693 718 1753 erga
733 1672 934 1755 mysteriosum
951 1668 1133 1734 sacrosancti
1148 1665 1284 1749 baptismi
1303 1684 1432 1728 sacra-

148 1793 153 1802 ·
197 1769 324 1821 mentum
341 1761 503 1822 reverentia
528 1761 686 1837 imbutum,
711 1761 768 1822 imo
787 1780 897 1822 summo
921 1769 976 1825 tam
994 1757 1130 1820 sublimis
1147 1766 1176 1818 et
1192 1754 1318 1836 pretiosi
1340 1776 1433 1817 coc-

167 1884 176 1901 ·
196 1847 279 1910 lestis
297 1848 363 1908 doui
381 1846 462 1910 cultu
484 1869 519 1908 ac
543 1847 728 1910 veneratione
752 1847 894 1928 repletum
921 1861 948 1908 ct
972 1848 1168 1908 abundantem
1191 1841 1305 1918 fidelis,
1334 1864 1433 1922 quae

197 1934 314 1996 Christo
326 1957 431 1996 nomen
442 1937 570 2011 dederat,
587 1933 693 2014 prioris
709 1932 790 1994 illius
804 1943 831 1994 ct
847 1933 1002 2014 apostolici
1018 1932 1081 1995 aeri
1098 1929 1256 2012 antiquitas
1272 1928 1432 2010 inprimis

113 2042 124 2063 ⁸
198 2022 435 2084 memorabilibus
459 2021 625 2082 nominibus
649 2039 685 2080 ac
709 2019 872 2100 magnificis
898 2019 1006 2098 titulis,
1029 2019 1136 2100 quibus
1152 2017 1225 2078 illud
1246 2015 1433 2096 insignivit,

198 2116 303 2170 testata
319 2119 378 2184 cst,
403 2109 483 2170 varia
501 2109 607 2188 quippe
630 2105 739 2186 hacce,
764 2127 822 2188 qua
845 2108 1063 2170 sanctissimum
1082 2107 1228 2168 lavacrum
1248 2099 1431 2184 salutabat,

198 2196 431 2256 denominatione
448 2195 550 2276 partim
568 2193 713 2256 salutares
732 2194 860 2256 eiusdem
879 2195 999 2258 effectus
1016 2193 1120 2276 partim
1138 2190 1330 2254 essentialem
1351 2194 1433 2256 eins

200 2282 326 2345 indolem
344 2293 372 2344 et
388 2281 580 2344 substantiam
598 2284 750 2344 denotans.
786 2282 880 2344 Priori
897 2283 999 2360 generi
1017 2283 1217 2344 accensendos
1235 2278 1435 2342 arbitramur

200 2370 354 2449 insignes,
381 2369 488 2450 quibus
504 2368 636 2430 lustinus
654 2368 743 2433 Mart.
768 2369 799 2430 in
822 2369 1015 2432 describenda
1033 2367 1155 2430 mirifica
1180 2367 1257 2430 sacri
1275 2367 1432 2450 baptismi
1463 2430 1464 2438 ,

202 2455 335 2517 efficacia
353 2465 512 2536 occupatus
528 2453 628 2531 utitur,
645 2456 755 2519 titulos.
786 2457 818 2517 lu
835 2479 869 2520 eo
886 2458 961 2520 euim
978 2461 1045 2522 dum
1061 2464 1204 2534 versatur,
1221 2464 1254 2516 ut
1270 2457 1432 2518 adversus

198 2539 333 2603 infideles
350 2542 551 2604 sanctissimae
567 2541 720 2622 religionis
737 2555 902 2625 empacctas
919 2547 996 2607 serio
1014 2566 1074 2606 rem
1092 2554 1171 2624 agat,
1190 2543 1299 2605 diserte
1318 2563 1429 2624 expo·

198 2628 249 2703 nit,
266 2637 372 2689 tautam
388 2649 453 2690 esse
470 2629 537 2690 huic
553 2627 671 2691 lavacro
686 2631 818 2693 virtutem
835 2633 972 2694 divinitus
988 2633 1119 2709 inditam,
1134 2639 1167 2692 nt
1183 2639 1211 2692 ct
1228 2630 1427 2710 poenitentes

133 2756 138 2764 -
198 2724 370 2794 peccatores
394 2716 457 2777 sola
475 2719 598 2778 mundos
614 2717 735 2798 Dcoque
751 2730 888 2801 acceptos
913 2724 1035 2781 reddere
1057 2719 1203 2799 vitamque
1226 2717 1425 2798 spiritualem

198 2799 272 2880 ipsis
297 2801 407 2864 rnlcrre
432 2812 460 2866 et
487 2813 596 2866 mentes
614 2825 713 2867 eorum
738 2804 815 2868 labis
834 2807 986 2887 originalis
1003 2805 1132 2886 caligine
1149 2807 1291 2866 obductas
1311 2806 1427 2886 puris-

199 2887 272 2949 simo
291 2891 452 2953 sanctitatis
468 2891 576 2954 lumine
594 2893 769 2972 perfundere
787 2904 884 2976 queat.
922 2895 1000 2957 Hinc
1016 2895 1074 2976 ipsi
1097 2915 1166 2956 mox
1182 2897 1328 2954 λουαοουιυ
1343 2915 1427 2973 poc-

199 2982 330 3038 atteattne
344 2990 369 3040 nt
386 2987 547 3058 nopnlttonis
565 2987 626 3060 Del,
649 2981 717 3042 item
735 3004 810 3063 nque
824 2991 914 3057 ottue5
939 3004 993 3044 seu
1009 3001 1086 3061 aqua
1103 2981 1189 3042 vitam
1206 2979 1336 3042 afferens
1349 2985 1427 3059 **):

199 3084 267 3126 mox
282 3067 458 3144 illumiaatio,
475 3068 495 3130 i.
512 3089 538 3129 e.
555 3067 702 3129 lavacrum
720 3067 958 3150 illuminans***)
977 3070 1066 3132 audit.
1093 3069 1206 3130 Eodem
1221 3071 1427 3131 illuminatio-

198 3157 244 3212 nis
260 3153 385 3226 nomine,
404 3174 497 3215 sensu
514 3165 704 3232 congruente,
722 3155 858 3218 Clemens
875 3156 961 3220 Alex.
978 3160 1014 3218 de
1030 3165 1146 3218 sacrato
1162 3155 1219 3217 boc
1235 3164 1304 3217 actu
1321 3148 1426 3219 rerba

199 3236 311 3297 inciens
329 3239 417 3300 utitur
425 3240 469 3320 †).
501 3239 596 3302 Simili
613 3251 749 3321 respectu
766 3245 832 3306 dum
851 3265 955 3308 novum
970 3245 1053 3326 quasi
1069 3243 1225 3322 homiuem,
1242 3251 1342 3306 vetere
1363 3265 1425 3307 sa-

206 3381 424 3396 *-

269 3454 297 3515 *)
318 3455 393 3508 Prod.
412 3459 470 3511 Jen.
493 3460 568 3513 1749.
587 3464 613 3514 l.

154 3585 157 3598 Ι
268 3523 310 3591 **)
331 3527 464 3580 audianus
488 3529 570 3597 ipsum
589 3532 637 3582 buc
662 3531 692 3581 de
713 3547 740 3583 re
759 3537 862 3600 egregie
882 3535 1060 3586 disserentem.
1098 3533 1126 3584 lu
1145 3533 1252 3599 dialogo
1271 3551 1329 3586 ουτοι
1351 3541 1427 3608 Try-

198 3592 277 3658 paon.
302 3610 327 3660 ιτ.
347 3596 407 3652 231.
428 3599 496 3649 cirea
515 3599 583 3650 med.
603 3601 644 3650 cd.
665 3599 720 3652 Col.
742 3602 817 3655 1686.
837 3604 889 3655 uite
911 3601 958 3654 ore
976 3603 1026 3653 τοῦ
1044 3603 1161 3669 λουτροῦ
1179 3592 1232 3654 σύν
1256 3604 1304 3668 τῆς
1333 3622 1425 3674 μετα·

201 3663 277 3720 rotor
292 3661 340 3744 καὶ
357 3664 402 3728 τῆς
418 3661 610 3733 μνύσεωςιτοῦ
630 3668 709 3731 Θεοῦ,
728 3663 744 3720 d
762 3666 832 3740 ὑπὲρ
850 3671 896 3733 τῆς
911 3667 1030 3736 ἀνομίας
1047 3671 1101 3722 τῶν
1118 3671 1193 3722 λαῶν
1208 3673 1258 3724 τοῦ
1279 3673 1354 3727 Θεοῦ
1374 3679 1425 3742 γέ-

199 3745 293 3814 peren,
313 3749 350 3811 ως
367 3732 475 3794 Ησαίας
490 3736 559 3802 βοᾷ,
581 3730 658 3805 ἡμεῖς
675 3734 885 3808 ἐπιστεύσαμεν,
905 3739 953 3790 καὶ
969 3741 1149 3808 γνωρίζομεν,
1167 3733 1211 3791 ὅτι
1228 3738 1300 3793 τοῦτ’
1322 3742 1423 3798 ἐκεῖνο

200 3815 405 3886 οπροηγορευε
423 3801 453 3854 τὸ
474 3797 633 3888 βύμτιισμα,
650 3801 688 3886 ,τύ
708 3801 800 3887 μύνον
823 3810 974 3877 καθαρίσαι
993 3806 1056 3866 τοὺς
1077 3803 1304 3878 μετανοήσαντας
1329 3809 1424 3865 δονεύ-

200 3870 518 4016 μενοζύῖςᾚλύὲιλτίο.
538 3872 789 4009 bllblldlddlmdlltl:
813 3945 934 3995 καλεῖται
959 3943 991 3998 δὲ
1010 3946 1091 3998 τοῦτο
1117 3942 1147 3999 τύ
1168 3943 1287 4016 λουτρὸν
1337 3965 1422 4004 σιτισ-

201 3997 270 4070 μὸς,
299 4019 335 4061 we
352 4007 540 4075 φατιζομένον
556 4006 606 4076 τὴν
622 4005 752 4064 ύιύνοιαν
768 4012 825 4064 τῶν
842 4012 926 4064 ταῦτα
944 4008 1159 4082 μανθανόντων.
1180 4016 1228 4067 καὶ
1246 4012 1289 4069 ἐπ’
1329 4012 1423 4084 νόμα-

202 4085 247 4128 τος
264 4067 297 4122 δὲ
316 4073 398 4152 Iacob
417 4077 539 4141 Χριστοῦ
557 4081 606 4131 τοῦ
625 4082 830 4151 στουραθίντος
848 4080 896 4134 ent
914 4085 1036 4135 Ποντίου
1055 4082 1196 4150 Πιλάτου,
1217 4085 1266 4137 καὶ
1286 4082 1329 4139 ἐπ’
1353 4083 1422 4144 ὀνό-

200 4154 288 4205 ματος
305 4141 468 4222 Ιζνευματος
487 4138 584 4212 ἁγίου,
612 4143 627 4200 d
648 4145 695 4201 διὰ
714 4149 771 4201 τῶν
789 4153 942 4218 προφητῶν
959 4146 1128 4222 προενήρυξε
1150 4149 1185 4205 τὰ
1206 4152 1277 4206 κατὰ
1301 4149 1354 4209 τόν
1374 4161 1422 4226 In·

84 4217 94 4230 ·
202 4206 270 4259 σοῦν
286 4222 389 4274 ποντα,
408 4229 423 4262 ο
445 4207 630 4281 φανταζόμενος
646 4210 762 4273 λούεται.

269 4278 302 4360 ρ’)
321 4277 347 4328 in
362 4279 513 4345 poedagog.
530 4284 589 4334 tate.
607 4287 631 4341 l.
649 4304 708 4354 cop.
723 4287 748 4340 d.
763 4286 833 4338 oirou
852 4287 908 4340 init.
926 4306 952 4358 p.
966 4290 1025 4345 113.
1045 4291 1088 4343 ed.
1104 4289 1248 4360 Pultoni,
1269 4295 1319 4350 Ox.
1333 4295 1420 4352 1715:

201 4343 324 4426 αολειτμι
341 4341 373 4396 dl
389 4345 534 4426 πολλαχῶς
552 4349 582 4406 τὸ
601 4352 685 4426 ἔργον
703 4354 784 4406 τοῦτο
801 4347 887 4421 χύρισ
910 4375 936 4421 ο,
954 4358 1002 4409 ναὶ
1019 4352 1162 4430 (princepe,
1177 4361 1226 4412 οιαὶ
1245 4363 1352 4416 τέλειον
1369 4368 1421 4418 καὶ

201 4412 328 4486 λουτρον.
348 4452 356 4472 .
374 4451 382 4470 .
401 4453 409 4471 .
426 4415 559 4488 Φυτιομα
576 4419 618 4491 nt,
635 4419 668 4474 δι’
683 4409 717 4475 ού
733 4418 764 4474 τὸ
782 4415 866 4492 ἅγιον
896 4429 970 4481 κεῖνο
988 4427 1048 4496 φύς
1062 4423 1094 4482 τὸ
1112 4422 1249 4501 σοτὴριον
1265 4429 1421 4490 ἐποπτεύει
