<?xml version="1.0" encoding="UTF-8"?>
<!DOCTYPE html PUBLIC "-//W3C//DTD XHTML 1.0 Transitional//EN"
    "http://www.w3.org/TR/xhtml1/DTD/xhtml1-transitional.dtd">
<html xmlns="http://www.w3.org/1999/xhtml" xml:lang="en" lang="en">
 <head>
  <title>
</title>
<meta http-equiv="Content-Type" content="text/html;charset=utf-8" />
  <meta name='ocr-system' content='tesseract 3.04.00' />
  <meta name='ocr-capabilities' content='ocr_page ocr_carea ocr_par ocr_line ocrx_word'/>
</head>
<body>
  <div class='ocr_page' id='page_1' title='image "./thesauruscommen00volbgoog_0087.png"; bbox 0 0 2944 4898; ppageno 0'>
   <div class='ocr_carea' id='block_1_1' title="bbox 206 56 1043 306">
    <p class='ocr_par' dir='ltr' id='par_1_1' title="bbox 206 56 1043 306">
     <span class='ocr_line' id='line_1_1' title="bbox 640 56 647 112; baseline 0 0"><span class='ocrx_word' id='word_1_1' title='bbox 640 56 647 112; x_wconf 88' lang='lat' dir='ltr'>l</span> 
     </span>
     <span class='ocr_line' id='line_1_2' title="bbox 206 219 1043 306; baseline 0 -18"><span class='ocrx_word' id='word_1_2' title='bbox 206 223 253 288; x_wconf 84' lang='lat' dir='ltr'>ec</span> <span class='ocrx_word' id='word_1_3' title='bbox 605 219 726 287; x_wconf 79' lang='lat' dir='ltr'>xxxta</span> <span class='ocrx_word' id='word_1_4' title='bbox 766 223 797 288; x_wconf 90' lang='grc' dir='ltr'>ι.</span> <span class='ocrx_word' id='word_1_5' title='bbox 813 223 851 288; x_wconf 84' lang='lat' dir='ltr'>s.</span> <span class='ocrx_word' id='word_1_6' title='bbox 864 221 1043 306; x_wconf 57' lang='lat' dir='ltr'>mum-r*</span> 
     </span>
    </p>
   </div>
   <div class='ocr_carea' id='block_1_2' title="bbox 174 395 1467 2583">
    <p class='ocr_par' dir='ltr' id='par_1_2' title="bbox 208 395 1431 1006">
     <span class='ocr_line' id='line_1_3' title="bbox 209 395 1431 480; baseline -0.001 -20"><span class='ocrx_word' id='word_1_7' title='bbox 209 395 297 460; x_wconf 75' lang='lat' dir='ltr'>bouis</span> <span class='ocrx_word' id='word_1_8' title='bbox 313 395 468 460; x_wconf 82' lang='lat' dir='ltr'>iernulam</span> <span class='ocrx_word' id='word_1_9' title='bbox 482 397 583 475; x_wconf 86' lang='lat' dir='ltr'>reierl,</span> <span class='ocrx_word' id='word_1_10' title='bbox 600 395 627 460; x_wconf 93' lang='lat' dir='ltr'>si</span> <span class='ocrx_word' id='word_1_11' title='bbox 643 399 681 460; x_wconf 90' lang='lat' dir='ltr'>sd</span> <span class='ocrx_word' id='word_1_12' title='bbox 696 398 754 458; x_wconf 86' lang='lat' dir='ltr'>boc</span> <span class='ocrx_word' id='word_1_13' title='bbox 767 399 871 462; x_wconf 82' lang='lat' dir='ltr'>ae‘eum</span> <span class='ocrx_word' id='word_1_14' title='bbox 886 397 1020 480; x_wconf 88' lang='lat' dir='ltr'>pertinet,</span> <span class='ocrx_word' id='word_1_15' title='bbox 1041 399 1266 460; x_wconf 66' lang='lat' dir='ltr'>mmbalbanra</span> <span class='ocrx_word' id='word_1_16' title='bbox 1281 399 1431 478; x_wconf 71' lang='lat' dir='ltr'>apomeli-</span> 
     </span>
     <span class='ocr_line' id='line_1_4' title="bbox 209 479 1430 566; baseline -0.002 -18"><span class='ocrx_word' id='word_1_17' title='bbox 209 505 305 548; x_wconf 84' lang='lat' dir='ltr'>osraru</span> <span class='ocrx_word' id='word_1_18' title='bbox 320 479 470 562; x_wconf 63' lang='lat' dir='ltr'>auctori).</span> <span class='ocrx_word' id='word_1_19' title='bbox 505 484 620 548; x_wconf 87' lang='lat' dir='ltr'>Etenim</span> <span class='ocrx_word' id='word_1_20' title='bbox 636 505 674 548; x_wconf 82' lang='lat' dir='ltr'>ex</span> <span class='ocrx_word' id='word_1_21' title='bbox 689 485 806 548; x_wconf 86' lang='lat' dir='ltr'>illarum</span> <span class='ocrx_word' id='word_1_22' title='bbox 822 485 909 549; x_wconf 89' lang='lat' dir='ltr'>citato</span> <span class='ocrx_word' id='word_1_23' title='bbox 925 487 991 550; x_wconf 91' lang='lat' dir='ltr'>ioco</span> <span class='ocrx_word' id='word_1_24' title='bbox 1006 482 1211 566; x_wconf 73' lang='lat' dir='ltr'>intelligimus,</span> <span class='ocrx_word' id='word_1_25' title='bbox 1226 483 1258 546; x_wconf 92' lang='lat' dir='ltr'>in</span> <span class='ocrx_word' id='word_1_26' title='bbox 1274 484 1430 565; x_wconf 88' lang='lat' dir='ltr'>baptismo</span> 
     </span>
     <span class='ocr_line' id='line_1_5' title="bbox 209 571 1430 654; baseline -0.002 -18"><span class='ocrx_word' id='word_1_27' title='bbox 209 572 405 636; x_wconf 70' lang='lat' dir='ltr'>aranearum</span> <span class='ocrx_word' id='word_1_28' title='bbox 422 571 518 634; x_wconf 86' lang='lat' dir='ltr'>inisse</span> <span class='ocrx_word' id='word_1_29' title='bbox 534 595 652 654; x_wconf 83' lang='lat' dir='ltr'>pompos</span> <span class='ocrx_word' id='word_1_30' title='bbox 666 581 811 636; x_wconf 84' lang='lat' dir='ltr'>sulnslcos</span> <span class='ocrx_word' id='word_1_31' title='bbox 826 582 987 650; x_wconf 87' lang='lat' dir='ltr'>nntosrsne;</span> <span class='ocrx_word' id='word_1_32' title='bbox 1006 575 1043 636; x_wconf 86' lang='lat' dir='ltr'>arl</span> <span class='ocrx_word' id='word_1_33' title='bbox 1058 572 1144 635; x_wconf 90' lang='lat' dir='ltr'>islam</span> <span class='ocrx_word' id='word_1_34' title='bbox 1159 579 1228 636; x_wconf 86' lang='lat' dir='ltr'>vero&#39;</span> <span class='ocrx_word' id='word_1_35' title='bbox 1245 572 1430 636; x_wconf 80' lang='lat' dir='ltr'>refereban-</span> 
     </span>
     <span class='ocr_line' id='line_1_6' title="bbox 210 660 1430 743; baseline -0.001 -19"><span class='ocrx_word' id='word_1_36' title='bbox 210 670 265 736; x_wconf 91' lang='lat' dir='ltr'>tur,</span> <span class='ocrx_word' id='word_1_37' title='bbox 283 663 383 724; x_wconf 90' lang='lat' dir='ltr'>eodem</span> <span class='ocrx_word' id='word_1_38' title='bbox 397 660 581 722; x_wconf 76' lang='lat' dir='ltr'>Tertulliano</span> <span class='ocrx_word' id='word_1_39' title='bbox 598 671 726 737; x_wconf 78' lang='lat' dir='ltr'>auctore,</span> <span class='ocrx_word' id='word_1_40' title='bbox 744 681 846 726; x_wconf 87' lang='lat' dir='ltr'>omnes</span> <span class='ocrx_word' id='word_1_41' title='bbox 864 673 892 724; x_wconf 89' lang='lat' dir='ltr'>el</span> <span class='ocrx_word' id='word_1_42' title='bbox 906 661 1044 741; x_wconf 72' lang='lat' dir='ltr'>singulae</span> <span class='ocrx_word' id='word_1_43' title='bbox 1061 660 1201 742; x_wconf 87' lang='lat' dir='ltr'>pristinae</span> <span class='ocrx_word' id='word_1_44' title='bbox 1218 681 1327 743; x_wconf 81' lang='lat' dir='ltr'>prauae</span> <span class='ocrx_word' id='word_1_45' title='bbox 1344 660 1430 724; x_wconf 85' lang='lat' dir='ltr'>vitae</span> 
     </span>
     <span class='ocr_line' id='line_1_7' title="bbox 209 745 1430 831; baseline 0 -21"><span class='ocrx_word' id='word_1_46' title='bbox 209 745 585 830; x_wconf 63' lang='lat' dir='ltr'>strangularentur,</span> <span class='ocrx_word' id='word_1_47' title='bbox 610 769 685 830; x_wconf 89' lang='lat' dir='ltr'>quae</span> <span class='ocrx_word' id='word_1_48' title='bbox 708 749 864 812; x_wconf 89' lang='lat' dir='ltr'>missarum</span> <span class='ocrx_word' id='word_1_49' title='bbox 886 749 1016 812; x_wconf 86' lang='lat' dir='ltr'>sordium</span> <span class='ocrx_word' id='word_1_50' title='bbox 1033 747 1126 811; x_wconf 85' lang='lat' dir='ltr'>ullum</span> <span class='ocrx_word' id='word_1_51' title='bbox 1142 769 1318 831; x_wconf 91' lang='lat' dir='ltr'>quocunque</span> <span class='ocrx_word' id='word_1_52' title='bbox 1337 751 1430 826; x_wconf 74' lang='lat' dir='ltr'>uqodo</span> 
     </span>
     <span class='ocr_line' id='line_1_8' title="bbox 208 835 1431 918; baseline 0 -20"><span class='ocrx_word' id='word_1_53' title='bbox 208 835 387 898; x_wconf 88' lang='lat' dir='ltr'>desiderium</span> <span class='ocrx_word' id='word_1_54' title='bbox 407 845 456 897; x_wconf 87' lang='lat' dir='ltr'>ant</span> <span class='ocrx_word' id='word_1_55' title='bbox 471 835 589 898; x_wconf 88' lang='lat' dir='ltr'>tacitum</span> <span class='ocrx_word' id='word_1_56' title='bbox 607 856 734 898; x_wconf 88' lang='lat' dir='ltr'>amorem</span> <span class='ocrx_word' id='word_1_57' title='bbox 752 837 932 901; x_wconf 80' lang='lat' dir='ltr'>redolebant.</span> <span class='ocrx_word' id='word_1_58' title='bbox 972 837 1097 901; x_wconf 80' lang='lat' dir='ltr'>Generis</span> <span class='ocrx_word' id='word_1_59' title='bbox 1117 837 1205 918; x_wconf 89' lang='lat' dir='ltr'>bujns</span> <span class='ocrx_word' id='word_1_60' title='bbox 1224 839 1431 900; x_wconf 80' lang='lat' dir='ltr'>censebantur</span> 
     </span>
     <span class='ocr_line' id='line_1_9' title="bbox 211 921 1428 1006; baseline 0 -20"><span class='ocrx_word' id='word_1_61' title='bbox 211 943 279 986; x_wconf 87' lang='lat' dir='ltr'>esse</span> <span class='ocrx_word' id='word_1_62' title='bbox 295 921 481 1004; x_wconf 88' lang='lat' dir='ltr'>spectacula,</span> <span class='ocrx_word' id='word_1_63' title='bbox 505 922 612 1004; x_wconf 89' lang='lat' dir='ltr'>quibus</span> <span class='ocrx_word' id='word_1_64' title='bbox 635 922 754 1004; x_wconf 88' lang='lat' dir='ltr'>impune</span> <span class='ocrx_word' id='word_1_65' title='bbox 771 923 926 1006; x_wconf 76' lang='lat' dir='ltr'>indulgere</span> <span class='ocrx_word' id='word_1_66' title='bbox 948 935 1035 1006; x_wconf 91' lang='lat' dir='ltr'>atque</span> <span class='ocrx_word' id='word_1_67' title='bbox 1060 925 1202 987; x_wconf 85' lang='lat' dir='ltr'>interesse</span> <span class='ocrx_word' id='word_1_68' title='bbox 1217 944 1278 986; x_wconf 91' lang='lat' dir='ltr'>uon</span> <span class='ocrx_word' id='word_1_69' title='bbox 1295 931 1428 1006; x_wconf 88' lang='lat' dir='ltr'>poterat,</span> 
     </span>
    </p>

    <p class='ocr_par' dir='ltr' id='par_1_3' title="bbox 174 1010 1467 2583">
     <span class='ocr_line' id='line_1_10' title="bbox 174 1010 1429 1094; baseline 0.001 -22"><span class='ocrx_word' id='word_1_70' title='bbox 174 1039 179 1050; x_wconf 93' lang='lat'><strong>·</strong></span> <span class='ocrx_word' id='word_1_71' title='bbox 209 1012 260 1094; x_wconf 92' lang='lat' dir='ltr'>qni</span> <span class='ocrx_word' id='word_1_72' title='bbox 276 1010 380 1074; x_wconf 89' lang='lat' dir='ltr'>ioedns</span> <span class='ocrx_word' id='word_1_73' title='bbox 398 1031 463 1072; x_wconf 89' lang='lat' dir='ltr'>cnm</span> <span class='ocrx_word' id='word_1_74' title='bbox 479 1010 605 1072; x_wconf 87' lang='lat' dir='ltr'>Domino</span> <span class='ocrx_word' id='word_1_75' title='bbox 621 1010 723 1073; x_wconf 87' lang='lat' dir='ltr'>initura</span> <span class='ocrx_word' id='word_1_76' title='bbox 747 1022 857 1074; x_wconf 89' lang='lat' dir='ltr'>sartum</span> <span class='ocrx_word' id='word_1_77' title='bbox 881 1021 987 1076; x_wconf 90' lang='lat' dir='ltr'>tectum</span> <span class='ocrx_word' id='word_1_78' title='bbox 1006 1013 1081 1075; x_wconf 90' lang='lat' dir='ltr'>tueri</span> <span class='ocrx_word' id='word_1_79' title='bbox 1100 1011 1277 1093; x_wconf 79' lang='lat' dir='ltr'>solebal**).</span> <span class='ocrx_word' id='word_1_80' title='bbox 1316 1013 1429 1074; x_wconf 81' lang='lat' dir='ltr'>Adnu-</span> 
     </span>
     <span class='ocr_line' id='line_1_11' title="bbox 209 1097 1428 1182; baseline 0 -22"><span class='ocrx_word' id='word_1_81' title='bbox 209 1101 359 1160; x_wconf 88' lang='lat' dir='ltr'>merabant</span> <span class='ocrx_word' id='word_1_82' title='bbox 374 1097 471 1160; x_wconf 88' lang='lat' dir='ltr'>omnia</span> <span class='ocrx_word' id='word_1_83' title='bbox 486 1099 583 1175; x_wconf 73' lang='lat' dir='ltr'>officio</span> <span class='ocrx_word' id='word_1_84' title='bbox 598 1102 765 1180; x_wconf 71' lang='lat' dir='ltr'>bonamque</span> <span class='ocrx_word' id='word_1_85' title='bbox 781 1103 936 1181; x_wconf 76' lang='lat' dir='ltr'>smnlnres,</span> <span class='ocrx_word' id='word_1_86' title='bbox 961 1099 1068 1182; x_wconf 89' lang='lat' dir='ltr'>quibus</span> <span class='ocrx_word' id='word_1_87' title='bbox 1091 1099 1176 1179; x_wconf 74' lang='lat' dir='ltr'>iungi</span> <span class='ocrx_word' id='word_1_88' title='bbox 1193 1119 1278 1162; x_wconf 90' lang='lat' dir='ltr'>nemo</span> <span class='ocrx_word' id='word_1_89' title='bbox 1296 1109 1428 1180; x_wconf 86' lang='lat' dir='ltr'>poterat,</span> 
     </span>
     <span class='ocr_line' id='line_1_12' title="bbox 209 1184 1428 1268; baseline 0.001 -20"><span class='ocrx_word' id='word_1_90' title='bbox 209 1186 281 1267; x_wconf 90' lang='lat' dir='ltr'>quin</span> <span class='ocrx_word' id='word_1_91' title='bbox 296 1185 327 1246; x_wconf 93' lang='lat' dir='ltr'>in</span> <span class='ocrx_word' id='word_1_92' title='bbox 344 1184 581 1266; x_wconf 82' lang='lat' dir='ltr'>superstitionem</span> <span class='ocrx_word' id='word_1_93' title='bbox 597 1186 704 1248; x_wconf 85' lang='lat' dir='ltr'>rituum</span> <span class='ocrx_word' id='word_1_94' title='bbox 719 1197 748 1248; x_wconf 93' lang='lat' dir='ltr'>el</span> <span class='ocrx_word' id='word_1_95' title='bbox 762 1186 915 1268; x_wconf 90' lang='lat' dir='ltr'>impiarum</span> <span class='ocrx_word' id='word_1_96' title='bbox 933 1187 1156 1250; x_wconf 85' lang='lat' dir='ltr'>cerimoniarum</span> <span class='ocrx_word' id='word_1_97' title='bbox 1175 1197 1285 1268; x_wconf 83' lang='lat' dir='ltr'>partem</span> <span class='ocrx_word' id='word_1_98' title='bbox 1300 1187 1428 1264; x_wconf 85' lang='lat' dir='ltr'>reniret,</span> 
     </span>
     <span class='ocr_line' id='line_1_13' title="bbox 210 1271 1428 1355; baseline 0.002 -22"><span class='ocrx_word' id='word_1_99' title='bbox 210 1271 375 1355; x_wconf 86' lang='lat' dir='ltr'>cujusmodi</span> <span class='ocrx_word' id='word_1_100' title='bbox 391 1281 474 1335; x_wconf 89' lang='lat' dir='ltr'>erant</span> <span class='ocrx_word' id='word_1_101' title='bbox 489 1272 589 1335; x_wconf 87' lang='lat' dir='ltr'>ollioia</span> <span class='ocrx_word' id='word_1_102' title='bbox 603 1273 761 1352; x_wconf 87' lang='lat' dir='ltr'>flaminum,</span> <span class='ocrx_word' id='word_1_103' title='bbox 783 1274 967 1338; x_wconf 84' lang='lat' dir='ltr'>idololatrian</span> <span class='ocrx_word' id='word_1_104' title='bbox 984 1273 1077 1338; x_wconf 90' lang='lat' dir='ltr'>cultui</span> <span class='ocrx_word' id='word_1_105' title='bbox 1102 1275 1291 1338; x_wconf 86' lang='lat' dir='ltr'>inservientia</span> <span class='ocrx_word' id='word_1_106' title='bbox 1313 1275 1428 1336; x_wconf 89' lang='lat' dir='ltr'>simul-</span> 
     </span>
     <span class='ocr_line' id='line_1_14' title="bbox 211 1359 1428 1443; baseline 0.001 -21"><span class='ocrx_word' id='word_1_107' title='bbox 211 1381 268 1442; x_wconf 85' lang='lat' dir='ltr'>que</span> <span class='ocrx_word' id='word_1_108' title='bbox 293 1363 348 1422; x_wconf 92' lang='lat' dir='ltr'>sub</span> <span class='ocrx_word' id='word_1_109' title='bbox 371 1359 525 1440; x_wconf 77' lang='lat' dir='ltr'>religionis</span> <span class='ocrx_word' id='word_1_110' title='bbox 549 1361 627 1422; x_wconf 85' lang='lat' dir='ltr'>facie</span> <span class='ocrx_word' id='word_1_111' title='bbox 653 1363 690 1422; x_wconf 93' lang='lat' dir='ltr'>ad</span> <span class='ocrx_word' id='word_1_112' title='bbox 714 1382 748 1422; x_wconf 93' lang='lat' dir='ltr'>eo</span> <span class='ocrx_word' id='word_1_113' title='bbox 772 1360 878 1426; x_wconf 90' lang='lat' dir='ltr'>melius</span> <span class='ocrx_word' id='word_1_114' title='bbox 907 1365 1069 1441; x_wconf 71' lang='lat' dir='ltr'>regendum</span> <span class='ocrx_word' id='word_1_115' title='bbox 1093 1361 1231 1443; x_wconf 91' lang='lat' dir='ltr'>populum</span> <span class='ocrx_word' id='word_1_116' title='bbox 1255 1383 1428 1424; x_wconf 70' lang='lat' dir='ltr'>accommo-</span> 
     </span>
     <span class='ocr_line' id='line_1_15' title="bbox 210 1446 1426 1532; baseline -0.002 -20"><span class='ocrx_word' id='word_1_117' title='bbox 210 1451 279 1512; x_wconf 83' lang='lat' dir='ltr'>data</span> <span class='ocrx_word' id='word_1_118' title='bbox 289 1446 359 1526; x_wconf 71' lang='lat' dir='ltr'>m).</span> <span class='ocrx_word' id='word_1_119' title='bbox 391 1449 529 1510; x_wconf 87' lang='lat' dir='ltr'>Formam</span> <span class='ocrx_word' id='word_1_120' title='bbox 545 1448 807 1512; x_wconf 86' lang='lat' dir='ltr'>abrenuntiationis</span> <span class='ocrx_word' id='word_1_121' title='bbox 823 1449 900 1512; x_wconf 88' lang='lat' dir='ltr'>lranc</span> <span class='ocrx_word' id='word_1_122' title='bbox 916 1451 1010 1514; x_wconf 86' lang='lat' dir='ltr'>fnisse</span> <span class='ocrx_word' id='word_1_123' title='bbox 1025 1449 1199 1532; x_wconf 88' lang='lat' dir='ltr'>reperimus.</span> <span class='ocrx_word' id='word_1_124' title='bbox 1225 1449 1426 1512; x_wconf 87' lang='lat' dir='ltr'>Caleobume·</span> 
     </span>
     <span class='ocr_line' id='line_1_16' title="bbox 210 1534 1424 1619; baseline 0 -19"><span class='ocrx_word' id='word_1_125' title='bbox 210 1557 276 1614; x_wconf 86' lang='lat' dir='ltr'>nae,</span> <span class='ocrx_word' id='word_1_126' title='bbox 300 1534 473 1617; x_wconf 87' lang='lat' dir='ltr'>baptismum</span> <span class='ocrx_word' id='word_1_127' title='bbox 492 1544 649 1616; x_wconf 88' lang='lat' dir='ltr'>expetens,</span> <span class='ocrx_word' id='word_1_128' title='bbox 673 1536 842 1617; x_wconf 88' lang='lat' dir='ltr'>baptisterio</span> <span class='ocrx_word' id='word_1_129' title='bbox 859 1545 909 1600; x_wconf 91' lang='lat' dir='ltr'>aut</span> <span class='ocrx_word' id='word_1_130' title='bbox 924 1539 997 1600; x_wconf 84' lang='lat' dir='ltr'>lenti</span> <span class='ocrx_word' id='word_1_131' title='bbox 1013 1558 1154 1619; x_wconf 87' lang='lat' dir='ltr'>aquarum</span> <span class='ocrx_word' id='word_1_132' title='bbox 1171 1539 1303 1600; x_wconf 82' lang='lat' dir='ltr'>adstabat</span> <span class='ocrx_word' id='word_1_133' title='bbox 1316 1537 1424 1618; x_wconf 81' lang='lat' dir='ltr'>ibique</span> 
     </span>
     <span class='ocr_line' id='line_1_17' title="bbox 209 1622 1427 1712; baseline 0.001 -26"><span class='ocrx_word' id='word_1_134' title='bbox 209 1624 240 1686; x_wconf 92' lang='lat' dir='ltr'>in</span> <span class='ocrx_word' id='word_1_135' title='bbox 258 1633 418 1705; x_wconf 88' lang='lat' dir='ltr'>conspectu</span> <span class='ocrx_word' id='word_1_136' title='bbox 435 1622 597 1702; x_wconf 85' lang='lat' dir='ltr'>ecclesiae,</span> <span class='ocrx_word' id='word_1_137' title='bbox 620 1623 704 1686; x_wconf 86' lang='lat' dir='ltr'>vultu</span> <span class='ocrx_word' id='word_1_138' title='bbox 720 1625 750 1686; x_wconf 93' lang='lat' dir='ltr'>iu</span> <span class='ocrx_word' id='word_1_139' title='bbox 768 1625 946 1712; x_wconf 79' lang='lat' dir='ltr'>eccidpulem</span> <span class='ocrx_word' id='word_1_140' title='bbox 962 1644 1116 1703; x_wconf 86' lang='lat' dir='ltr'>converso,</span> <span class='ocrx_word' id='word_1_141' title='bbox 1140 1625 1238 1687; x_wconf 88' lang='lat' dir='ltr'>omnia</span> <span class='ocrx_word' id='word_1_142' title='bbox 1255 1643 1346 1706; x_wconf 84' lang='lat' dir='ltr'>opera</span> <span class='ocrx_word' id='word_1_143' title='bbox 1361 1625 1427 1687; x_wconf 87' lang='lat' dir='ltr'>Sa-</span> 
     </span>
     <span class='ocr_line' id='line_1_18' title="bbox 210 1712 1428 1794; baseline 0.001 -21"><span class='ocrx_word' id='word_1_144' title='bbox 210 1712 309 1774; x_wconf 87' lang='lat' dir='ltr'>lanica&#39;</span> <span class='ocrx_word' id='word_1_145' title='bbox 325 1712 488 1793; x_wconf 86' lang='lat' dir='ltr'>abjurabat,</span> <span class='ocrx_word' id='word_1_146' title='bbox 505 1732 608 1774; x_wconf 87' lang='lat' dir='ltr'>manus</span> <span class='ocrx_word' id='word_1_147' title='bbox 625 1715 662 1773; x_wconf 91' lang='lat' dir='ltr'>ad</span> <span class='ocrx_word' id='word_1_148' title='bbox 680 1714 803 1776; x_wconf 89' lang='lat' dir='ltr'>eandem</span> <span class='ocrx_word' id='word_1_149' title='bbox 814 1714 965 1794; x_wconf 73' lang='lat' dir='ltr'>regionem</span> <span class='ocrx_word' id='word_1_150' title='bbox 977 1713 1008 1774; x_wconf 93' lang='lat' dir='ltr'>in</span> <span class='ocrx_word' id='word_1_151' title='bbox 1020 1713 1284 1775; x_wconf 86' lang='lat' dir='ltr'>abrenuntiationis</span> <span class='ocrx_word' id='word_1_152' title='bbox 1301 1712 1428 1793; x_wconf 76' lang='lat' dir='ltr'>signum</span> 
     </span>
     <span class='ocr_line' id='line_1_19' title="bbox 210 1799 1428 1881; baseline 0 -19"><span class='ocrx_word' id='word_1_153' title='bbox 210 1799 388 1880; x_wconf 78' lang='lat' dir='ltr'>impingens.</span> <span class='ocrx_word' id='word_1_154' title='bbox 419 1801 585 1862; x_wconf 79' lang='lat' dir='ltr'>Accedebat</span> <span class='ocrx_word' id='word_1_155' title='bbox 600 1799 737 1862; x_wconf 85' lang='lat' dir='ltr'>antistitis</span> <span class='ocrx_word' id='word_1_156' title='bbox 754 1801 954 1881; x_wconf 82' lang='lat' dir='ltr'>interrogatio,</span> <span class='ocrx_word' id='word_1_157' title='bbox 970 1800 1157 1864; x_wconf 76' lang='lat' dir='ltr'>suintilanis:</span> <span class='ocrx_word' id='word_1_158' title='bbox 1175 1821 1245 1862; x_wconf 90' lang='lat' dir='ltr'>num</span> <span class='ocrx_word' id='word_1_159' title='bbox 1262 1800 1428 1878; x_wconf 84' lang='lat' dir='ltr'>bonafide,</span> 
     </span>
     <span class='ocr_line' id='line_1_20' title="bbox 211 1886 1428 1971; baseline 0.001 -22"><span class='ocrx_word' id='word_1_160' title='bbox 211 1887 350 1963; x_wconf 90' lang='lat' dir='ltr'>candide,</span> <span class='ocrx_word' id='word_1_161' title='bbox 374 1886 488 1966; x_wconf 79' lang='lat' dir='ltr'>integre</span> <span class='ocrx_word' id='word_1_162' title='bbox 512 1895 599 1966; x_wconf 92' lang='lat' dir='ltr'>alque</span> <span class='ocrx_word' id='word_1_163' title='bbox 616 1907 653 1948; x_wconf 89' lang='lat' dir='ltr'>cx</span> <span class='ocrx_word' id='word_1_164' title='bbox 676 1887 772 1949; x_wconf 89' lang='lat' dir='ltr'>animo</span> <span class='ocrx_word' id='word_1_165' title='bbox 790 1889 887 1970; x_wconf 81' lang='lat' dir='ltr'>stygio</span> <span class='ocrx_word' id='word_1_166' title='bbox 908 1901 1030 1971; x_wconf 75' lang='lat' dir='ltr'>tyranno</span> <span class='ocrx_word' id='word_1_167' title='bbox 1047 1888 1247 1967; x_wconf 76' lang='lat' dir='ltr'>magistratum</span> <span class='ocrx_word' id='word_1_168' title='bbox 1261 1887 1428 1964; x_wconf 87' lang='lat' dir='ltr'>abdicaret,</span> 
     </span>
     <span class='ocr_line' id='line_1_21' title="bbox 211 1943 1466 2059; baseline 0 -23"><span class='ocrx_word' id='word_1_169' title='bbox 211 1975 320 2036; x_wconf 90' lang='lat' dir='ltr'>cultum</span> <span class='ocrx_word' id='word_1_170' title='bbox 337 1983 365 2034; x_wconf 91' lang='lat' dir='ltr'>et</span> <span class='ocrx_word' id='word_1_171' title='bbox 381 1971 478 2034; x_wconf 87' lang='lat' dir='ltr'>olticia</span> <span class='ocrx_word' id='word_1_172' title='bbox 494 1973 682 2049; x_wconf 87' lang='lat' dir='ltr'>renuntiaret,</span> <span class='ocrx_word' id='word_1_173' title='bbox 700 1975 850 2054; x_wconf 85' lang='lat' dir='ltr'>abjuraret</span> <span class='ocrx_word' id='word_1_174' title='bbox 867 1975 989 2057; x_wconf 87' lang='lat' dir='ltr'>eiusque</span> <span class='ocrx_word' id='word_1_175' title='bbox 1007 1976 1187 2059; x_wconf 81' lang='lat' dir='ltr'>tyrannidem</span> <span class='ocrx_word' id='word_1_176' title='bbox 1205 1975 1428 2037; x_wconf 79' lang='lat' dir='ltr'>detestareturl</span> <span class='ocrx_word' id='word_1_177' title='bbox 1459 1943 1466 2046; x_wconf 83' lang='lat' dir='ltr'>l</span> 
     </span>
     <span class='ocr_line' id='line_1_22' title="bbox 210 2059 1429 2145; baseline -0.001 -21"><span class='ocrx_word' id='word_1_178' title='bbox 210 2061 258 2124; x_wconf 90' lang='lat' dir='ltr'>cni</span> <span class='ocrx_word' id='word_1_179' title='bbox 282 2059 362 2121; x_wconf 91' lang='lat' dir='ltr'>clara</span> <span class='ocrx_word' id='word_1_180' title='bbox 381 2067 409 2122; x_wconf 91' lang='lat' dir='ltr'>et</span> <span class='ocrx_word' id='word_1_181' title='bbox 431 2059 550 2122; x_wconf 84' lang='lat' dir='ltr'>euidens</span> <span class='ocrx_word' id='word_1_182' title='bbox 567 2060 791 2122; x_wconf 84' lang='lat' dir='ltr'>renuntiationis</span> <span class='ocrx_word' id='word_1_183' title='bbox 810 2064 998 2141; x_wconf 88' lang='lat' dir='ltr'>contestatio,</span> <span class='ocrx_word' id='word_1_184' title='bbox 1023 2063 1133 2145; x_wconf 89' lang='lat' dir='ltr'>apertis</span> <span class='ocrx_word' id='word_1_185' title='bbox 1158 2073 1187 2125; x_wconf 92' lang='lat' dir='ltr'>et</span> <span class='ocrx_word' id='word_1_186' title='bbox 1209 2061 1306 2143; x_wconf 87' lang='lat' dir='ltr'>planis</span> <span class='ocrx_word' id='word_1_187' title='bbox 1323 2063 1429 2124; x_wconf 86' lang='lat' dir='ltr'>verbis</span> 
     </span>
     <span class='ocr_line' id='line_1_23' title="bbox 211 2147 1430 2233; baseline 0.002 -22"><span class='ocrx_word' id='word_1_188' title='bbox 211 2165 363 2228; x_wconf 88' lang='lat' dir='ltr'>expressa,</span> <span class='ocrx_word' id='word_1_189' title='bbox 387 2148 564 2226; x_wconf 91' lang='lat' dir='ltr'>respondere</span> <span class='ocrx_word' id='word_1_190' title='bbox 581 2148 705 2209; x_wconf 88' lang='lat' dir='ltr'>debebat</span> <span class='ocrx_word' id='word_1_191' title='bbox 713 2147 757 2226; x_wconf 91' lang='lat'>†).</span> <span class='ocrx_word' id='word_1_192' title='bbox 794 2149 840 2211; x_wconf 91' lang='lat' dir='ltr'>Pii</span> <span class='ocrx_word' id='word_1_193' title='bbox 857 2149 946 2233; x_wconf 86' lang='lat' dir='ltr'>hujus</span> <span class='ocrx_word' id='word_1_194' title='bbox 963 2151 1036 2214; x_wconf 89' lang='lat' dir='ltr'>ritus</span> <span class='ocrx_word' id='word_1_195' title='bbox 1052 2150 1234 2213; x_wconf 90' lang='lat' dir='ltr'>incunabula</span> <span class='ocrx_word' id='word_1_196' title='bbox 1248 2150 1372 2232; x_wconf 92' lang='lat' dir='ltr'>antiqua</span> <span class='ocrx_word' id='word_1_197' title='bbox 1390 2172 1430 2214; x_wconf 86' lang='lat' dir='ltr'>ex</span> 
     </span>
     <span class='ocr_line' id='line_1_24' title="bbox 211 2233 1466 2324; baseline 0.002 -27"><span class='ocrx_word' id='word_1_198' title='bbox 211 2233 366 2298; x_wconf 90' lang='lat' dir='ltr'>traditione</span> <span class='ocrx_word' id='word_1_199' title='bbox 382 2233 698 2314; x_wconf 77' lang='lat' dir='ltr'>repetil&#39;fertullianns</span> <span class='ocrx_word' id='word_1_200' title='bbox 715 2257 839 2318; x_wconf 88' lang='lat' dir='ltr'>eumque</span> <span class='ocrx_word' id='word_1_201' title='bbox 855 2259 913 2300; x_wconf 90' lang='lat' dir='ltr'>non</span> <span class='ocrx_word' id='word_1_202' title='bbox 930 2241 1130 2302; x_wconf 85' lang='lat' dir='ltr'>mandatorum</span> <span class='ocrx_word' id='word_1_203' title='bbox 1143 2237 1333 2318; x_wconf 88' lang='lat' dir='ltr'>inscriptura</span> <span class='ocrx_word' id='word_1_204' title='bbox 1350 2259 1430 2300; x_wconf 88' lang='lat' dir='ltr'>con·</span> <span class='ocrx_word' id='word_1_205' title='bbox 1465 2289 1466 2324; x_wconf 69' lang='lat'>,</span> 
     </span>
     <span class='ocr_line' id='line_1_25' title="bbox 211 2322 1428 2407; baseline 0 -21"><span class='ocrx_word' id='word_1_206' title='bbox 211 2333 369 2398; x_wconf 88' lang='lat' dir='ltr'>tentorum,</span> <span class='ocrx_word' id='word_1_207' title='bbox 395 2323 447 2382; x_wconf 89' lang='lat' dir='ltr'>sed</span> <span class='ocrx_word' id='word_1_208' title='bbox 465 2322 723 2400; x_wconf 86' lang='lat' dir='ltr'>consuetudinum,</span> <span class='ocrx_word' id='word_1_209' title='bbox 747 2323 824 2386; x_wconf 91' lang='lat' dir='ltr'>ultro</span> <span class='ocrx_word' id='word_1_210' title='bbox 841 2326 975 2407; x_wconf 89' lang='lat' dir='ltr'>quidem,</span> <span class='ocrx_word' id='word_1_211' title='bbox 999 2336 1029 2388; x_wconf 90' lang='lat' dir='ltr'>at</span> <span class='ocrx_word' id='word_1_212' title='bbox 1051 2337 1131 2388; x_wconf 89' lang='lat' dir='ltr'>recta</span> <span class='ocrx_word' id='word_1_213' title='bbox 1147 2325 1324 2404; x_wconf 91' lang='lat' dir='ltr'>intentione,</span> <span class='ocrx_word' id='word_1_214' title='bbox 1348 2347 1428 2407; x_wconf 90' lang='lat' dir='ltr'>puro</span> 
     </span>
     <span class='ocr_line' id='line_1_26' title="bbox 210 2412 1429 2492; baseline 0 -18"><span class='ocrx_word' id='word_1_215' title='bbox 210 2412 276 2485; x_wconf 86' lang='lat' dir='ltr'>line,</span> <span class='ocrx_word' id='word_1_216' title='bbox 296 2413 372 2472; x_wconf 91' lang='lat' dir='ltr'>bona</span> <span class='ocrx_word' id='word_1_217' title='bbox 388 2419 483 2472; x_wconf 77' lang='lat' dir='ltr'>triente</span> <span class='ocrx_word' id='word_1_218' title='bbox 499 2419 681 2490; x_wconf 89' lang='lat' dir='ltr'>receptorum</span> <span class='ocrx_word' id='word_1_219' title='bbox 698 2412 804 2492; x_wconf 88' lang='lat' dir='ltr'>pioque</span> <span class='ocrx_word' id='word_1_220' title='bbox 823 2413 945 2475; x_wconf 88' lang='lat' dir='ltr'>coasilio</span> <span class='ocrx_word' id='word_1_221' title='bbox 963 2413 1160 2476; x_wconf 87' lang='lat' dir='ltr'>institutarum</span> <span class='ocrx_word' id='word_1_222' title='bbox 1177 2433 1296 2476; x_wconf 87' lang='lat' dir='ltr'>nurnero</span> <span class='ocrx_word' id='word_1_223' title='bbox 1313 2433 1429 2475; x_wconf 88' lang='lat' dir='ltr'>accen-</span> 
     </span>
     <span class='ocr_line' id='line_1_27' title="bbox 210 2476 1467 2583; baseline 0.001 -20"><span class='ocrx_word' id='word_1_224' title='bbox 210 2498 334 2580; x_wconf 88' lang='lat' dir='ltr'>sel††).</span> <span class='ocrx_word' id='word_1_225' title='bbox 373 2497 510 2560; x_wconf 85' lang='lat' dir='ltr'>Insecuta</span> <span class='ocrx_word' id='word_1_226' title='bbox 534 2508 579 2560; x_wconf 87' lang='lat' dir='ltr'>cst</span> <span class='ocrx_word' id='word_1_227' title='bbox 602 2506 716 2579; x_wconf 69' lang='lat' dir='ltr'>moreio</span> <span class='ocrx_word' id='word_1_228' title='bbox 740 2501 802 2564; x_wconf 85' lang='lat' dir='ltr'>sire</span> <span class='ocrx_word' id='word_1_229' title='bbox 827 2504 995 2564; x_wconf 84' lang='lat' dir='ltr'>obedieutiae</span> <span class='ocrx_word' id='word_1_230' title='bbox 1017 2523 1084 2582; x_wconf 80' lang='lat' dir='ltr'>sequ</span> <span class='ocrx_word' id='word_1_231' title='bbox 1102 2505 1242 2565; x_wconf 79' lang='lat' dir='ltr'>Girietnm</span> <span class='ocrx_word' id='word_1_232' title='bbox 1264 2505 1428 2583; x_wconf 76' lang='lat' dir='ltr'>stipulatio.</span> <span class='ocrx_word' id='word_1_233' title='bbox 1466 2476 1467 2552; x_wconf 77' lang='lat' dir='ltr'>l</span> 
     </span>
    </p>
   </div>
   <div class='ocr_carea' id='block_1_3' title="bbox 197 2651 1429 4359">
    <p class='ocr_par' dir='ltr' id='par_1_4' title="bbox 210 2651 1429 2840">
     <span class='ocr_line' id='line_1_28' title="bbox 211 2651 1429 2722; baseline 0.002 -20"><span class='ocrx_word' id='word_1_234' title='bbox 211 2652 351 2716; x_wconf 71' lang='lat' dir='ltr'>spectanti.</span> <span class='ocrx_word' id='word_1_235' title='bbox 370 2653 396 2702; x_wconf 82' lang='lat' dir='ltr'>i.</span> <span class='ocrx_word' id='word_1_236' title='bbox 419 2667 444 2718; x_wconf 88' lang='lat' dir='ltr'>p.</span> <span class='ocrx_word' id='word_1_237' title='bbox 463 2651 523 2706; x_wconf 81' lang='lat'><strong>251.</strong></span> <span class='ocrx_word' id='word_1_238' title='bbox 545 2651 589 2703; x_wconf 86' lang='lat' dir='ltr'>ubi</span> <span class='ocrx_word' id='word_1_239' title='bbox 610 2653 664 2703; x_wconf 89' lang='lat' dir='ltr'>ait:</span> <span class='ocrx_word' id='word_1_240' title='bbox 685 2670 761 2721; x_wconf 82' lang='lat' dir='ltr'>qnam</span> <span class='ocrx_word' id='word_1_241' title='bbox 781 2671 876 2722; x_wconf 77' lang='lat' dir='ltr'>aquam</span> <span class='ocrx_word' id='word_1_242' title='bbox 897 2656 1014 2721; x_wconf 78' lang='lat' dir='ltr'>ingressi</span> <span class='ocrx_word' id='word_1_243' title='bbox 1030 2656 1197 2706; x_wconf 73' lang='lat' dir='ltr'>christianam</span> <span class='ocrx_word' id='word_1_244' title='bbox 1215 2653 1290 2718; x_wconf 81' lang='lat' dir='ltr'>pidem</span> <span class='ocrx_word' id='word_1_245' title='bbox 1309 2655 1337 2703; x_wconf 85' lang='lat' dir='ltr'>irs</span> <span class='ocrx_word' id='word_1_246' title='bbox 1355 2656 1429 2718; x_wconf 79' lang='lat' dir='ltr'>legis</span> 
     </span>
     <span class='ocr_line' id='line_1_29' title="bbox 211 2718 1428 2792; baseline 0.001 -21"><span class='ocrx_word' id='word_1_247' title='bbox 211 2736 276 2771; x_wconf 81' lang='lat' dir='ltr'>auae</span> <span class='ocrx_word' id='word_1_248' title='bbox 292 2719 371 2769; x_wconf 81' lang='lat' dir='ltr'>aerbo</span> <span class='ocrx_word' id='word_1_249' title='bbox 385 2718 551 2786; x_wconf 75' lang='lat' dir='ltr'>profitemur,</span> <span class='ocrx_word' id='word_1_250' title='bbox 575 2723 738 2771; x_wconf 78' lang='lat' dir='ltr'>amrurrlr&#39;nase</span> <span class='ocrx_word' id='word_1_251' title='bbox 758 2739 804 2772; x_wconf 80' lang='lat' dir='ltr'>uos</span> <span class='ocrx_word' id='word_1_252' title='bbox 830 2724 932 2773; x_wconf 82' lang='lat' dir='ltr'>diabolo</span> <span class='ocrx_word' id='word_1_253' title='bbox 950 2734 975 2773; x_wconf 84' lang='lat' dir='ltr'>et</span> <span class='ocrx_word' id='word_1_254' title='bbox 998 2742 1109 2792; x_wconf 78' lang='lat' dir='ltr'>pompae</span> <span class='ocrx_word' id='word_1_255' title='bbox 1127 2733 1151 2773; x_wconf 85' lang='lat' dir='ltr'>el</span> <span class='ocrx_word' id='word_1_256' title='bbox 1171 2725 1275 2790; x_wconf 78' lang='lat' dir='ltr'>angelis</span> <span class='ocrx_word' id='word_1_257' title='bbox 1299 2723 1355 2774; x_wconf 83' lang='lat' dir='ltr'>er‘us</span> <span class='ocrx_word' id='word_1_258' title='bbox 1378 2741 1428 2772; x_wconf 82' lang='lat' dir='ltr'>ore</span> 
     </span>
     <span class='ocr_line' id='line_1_30' title="bbox 210 2795 846 2840; baseline -0.005 0"><span class='ocrx_word' id='word_1_259' title='bbox 210 2797 300 2840; x_wconf 74' lang='lat' dir='ltr'>nostra</span> <span class='ocrx_word' id='word_1_260' title='bbox 319 2795 497 2840; x_wconf 68' lang='lat' dir='ltr'>comesturam.</span> <span class='ocrx_word' id='word_1_261' title='bbox 841 2795 846 2816; x_wconf 83' lang='lat'><strong>¹</strong></span> 
     </span>
    </p>

    <p class='ocr_par' dir='ltr' id='par_1_5' title="bbox 209 2854 1429 3121">
     <span class='ocr_line' id='line_1_31' title="bbox 276 2854 1428 2928; baseline 0.003 -21"><span class='ocrx_word' id='word_1_262' title='bbox 276 2857 304 2924; x_wconf 81' lang='lat'>*)</span> <span class='ocrx_word' id='word_1_263' title='bbox 324 2857 420 2908; x_wconf 85' lang='lat' dir='ltr'>videsis</span> <span class='ocrx_word' id='word_1_264' title='bbox 443 2872 499 2908; x_wconf 87' lang='lat' dir='ltr'>enm</span> <span class='ocrx_word' id='word_1_265' title='bbox 519 2854 544 2922; x_wconf 83' lang='lat'>7,</span> <span class='ocrx_word' id='word_1_266' title='bbox 564 2858 608 2910; x_wconf 85' lang='lat' dir='ltr'>tl.</span> <span class='ocrx_word' id='word_1_267' title='bbox 636 2860 704 2926; x_wconf 88' lang='lat' dir='ltr'>apud</span> <span class='ocrx_word' id='word_1_268' title='bbox 731 2859 845 2913; x_wconf 87' lang='lat' dir='ltr'>Cotsl.</span> <span class='ocrx_word' id='word_1_269' title='bbox 876 2877 901 2928; x_wconf 93' lang='lat' dir='ltr'>p.</span> <span class='ocrx_word' id='word_1_270' title='bbox 920 2860 980 2914; x_wconf 88' lang='grc'><strong>383.</strong></span> <span class='ocrx_word' id='word_1_271' title='bbox 1006 2861 1046 2912; x_wconf 88' lang='lat' dir='ltr'>bis</span> <span class='ocrx_word' id='word_1_272' title='bbox 1069 2860 1156 2912; x_wconf 89' lang='lat' dir='ltr'>verbis</span> <span class='ocrx_word' id='word_1_273' title='bbox 1181 2860 1323 2912; x_wconf 82' lang='lat' dir='ltr'>inclusam:</span> <span class='ocrx_word' id='word_1_274' title='bbox 1351 2855 1428 2911; x_wconf 79' lang='lat' dir='ltr'>cirso-</span> 
     </span>
     <span class='ocr_line' id='line_1_32' title="bbox 209 2920 1427 2998; baseline 0 -21"><span class='ocrx_word' id='word_1_275' title='bbox 209 2920 348 2994; x_wconf 77' lang='grc' dir='ltr'>τάσσομαι</span> <span class='ocrx_word' id='word_1_276' title='bbox 371 2926 408 2990; x_wconf 78' lang='grc' dir='ltr'>τῷ</span> <span class='ocrx_word' id='word_1_277' title='bbox 426 2927 547 2991; x_wconf 65' lang='lat' dir='ltr'>nascaq,</span> <span class='ocrx_word' id='word_1_278' title='bbox 572 2927 619 2977; x_wconf 81' lang='grc' dir='ltr'>καὶ</span> <span class='ocrx_word' id='word_1_279' title='bbox 642 2931 699 2986; x_wconf 84' lang='grc' dir='ltr'><em>τοῖς</em></span> <span class='ocrx_word' id='word_1_280' title='bbox 719 2927 810 2996; x_wconf 77' lang='grc' dir='ltr'><strong>ἔργοις</strong></span> <span class='ocrx_word' id='word_1_281' title='bbox 829 2925 929 2988; x_wconf 82' lang='grc' dir='ltr'><em>αὐτοῦ,</em></span> <span class='ocrx_word' id='word_1_282' title='bbox 953 2928 1000 2980; x_wconf 81' lang='lat' dir='ltr'>arel</span> <span class='ocrx_word' id='word_1_283' title='bbox 1022 2933 1081 2987; x_wconf 81' lang='grc' dir='ltr'>ταῖς</span> <span class='ocrx_word' id='word_1_284' title='bbox 1100 2933 1229 2996; x_wconf 80' lang='grc' dir='ltr'><strong><em>πομπαῖς</em></strong></span> <span class='ocrx_word' id='word_1_285' title='bbox 1248 2925 1350 2998; x_wconf 80' lang='grc' dir='ltr'><strong>αὐτοῦ,</strong></span> <span class='ocrx_word' id='word_1_286' title='bbox 1374 2930 1427 2978; x_wconf 79' lang='grc' dir='ltr'>καὶ</span> 
     </span>
     <span class='ocr_line' id='line_1_33' title="bbox 210 2992 1429 3066; baseline 0.001 -19"><span class='ocrx_word' id='word_1_287' title='bbox 210 2999 270 3054; x_wconf 80' lang='grc' dir='ltr'><strong><em>ταῖς</em></strong></span> <span class='ocrx_word' id='word_1_288' title='bbox 288 2996 423 3064; x_wconf 77' lang='grc' dir='ltr'>λατρείαις</span> <span class='ocrx_word' id='word_1_289' title='bbox 442 2992 542 3055; x_wconf 73' lang='grc' dir='ltr'>αὐτοῦ,</span> <span class='ocrx_word' id='word_1_290' title='bbox 566 2995 614 3046; x_wconf 81' lang='lat' dir='ltr'>arel</span> <span class='ocrx_word' id='word_1_291' title='bbox 635 2999 693 3055; x_wconf 74' lang='lat' dir='ltr'>soie</span> <span class='ocrx_word' id='word_1_292' title='bbox 712 2995 840 3066; x_wconf 75' lang='grc' dir='ltr'>ἀγγέλοις</span> <span class='ocrx_word' id='word_1_293' title='bbox 863 2995 964 3065; x_wconf 77' lang='grc' dir='ltr'><em>αὐτοῦ,</em></span> <span class='ocrx_word' id='word_1_294' title='bbox 988 2997 1036 3048; x_wconf 83' lang='lat' dir='ltr'>aral</span> <span class='ocrx_word' id='word_1_295' title='bbox 1057 2999 1116 3057; x_wconf 79' lang='grc' dir='ltr'>ταῖς</span> <span class='ocrx_word' id='word_1_296' title='bbox 1137 2997 1311 3066; x_wconf 73' lang='lat' dir='ltr'>irpenptteorr</span> <span class='ocrx_word' id='word_1_297' title='bbox 1327 2992 1429 3063; x_wconf 74' lang='lat' dir='ltr'>ednod,</span> 
     </span>
     <span class='ocr_line' id='line_1_34' title="bbox 210 3058 600 3121; baseline -0.005 -5"><span class='ocrx_word' id='word_1_298' title='bbox 210 3065 256 3116; x_wconf 80' lang='lat' dir='ltr'>arel</span> <span class='ocrx_word' id='word_1_299' title='bbox 274 3064 346 3115; x_wconf 78' lang='lat' dir='ltr'>arios</span> <span class='ocrx_word' id='word_1_300' title='bbox 365 3066 422 3121; x_wconf 82' lang='grc' dir='ltr'><em>τοῖς</em></span> <span class='ocrx_word' id='word_1_301' title='bbox 439 3058 484 3114; x_wconf 78' lang='grc' dir='ltr'>ὑπ’</span> <span class='ocrx_word' id='word_1_302' title='bbox 507 3060 600 3120; x_wconf 80' lang='grc' dir='ltr'><em>αὐτόν.</em></span> 
     </span>
    </p>

    <p class='ocr_par' dir='ltr' id='par_1_6' title="bbox 209 3131 1427 3610">
     <span class='ocr_line' id='line_1_35' title="bbox 278 3131 1427 3203; baseline 0.002 -20"><span class='ocrx_word' id='word_1_303' title='bbox 278 3133 322 3194; x_wconf 65' lang='lat' dir='ltr'>”l</span> <span class='ocrx_word' id='word_1_304' title='bbox 342 3131 428 3184; x_wconf 90' lang='lat' dir='ltr'>innuit</span> <span class='ocrx_word' id='word_1_305' title='bbox 446 3134 494 3183; x_wconf 90' lang='lat' dir='ltr'>boc</span> <span class='ocrx_word' id='word_1_306' title='bbox 511 3132 758 3186; x_wconf 84' lang='lat' dir='ltr'>Tertullianus</span> <span class='ocrx_word' id='word_1_307' title='bbox 775 3137 835 3189; x_wconf 76' lang='lat' dir='ltr'>lo&#39;le.</span> <span class='ocrx_word' id='word_1_308' title='bbox 854 3135 1050 3199; x_wconf 65' lang='lat' dir='ltr'>despectaret.</span> <span class='ocrx_word' id='word_1_309' title='bbox 1071 3153 1097 3203; x_wconf 87' lang='lat' dir='ltr'>p.</span> <span class='ocrx_word' id='word_1_310' title='bbox 1109 3136 1171 3191; x_wconf 81' lang='lat' dir='ltr'>ast.</span> <span class='ocrx_word' id='word_1_311' title='bbox 1192 3136 1235 3187; x_wconf 91' lang='lat' dir='ltr'>nbi</span> <span class='ocrx_word' id='word_1_312' title='bbox 1252 3134 1365 3187; x_wconf 86' lang='lat' dir='ltr'>theatris</span> <span class='ocrx_word' id='word_1_313' title='bbox 1384 3135 1427 3186; x_wconf 91' lang='lat' dir='ltr'>in-</span> 
     </span>
     <span class='ocr_line' id='line_1_36' title="bbox 210 3201 1426 3273; baseline 0 -21"><span class='ocrx_word' id='word_1_314' title='bbox 210 3203 356 3265; x_wconf 74' lang='lat' dir='ltr'>dulqeutem</span> <span class='ocrx_word' id='word_1_315' title='bbox 374 3201 538 3252; x_wconf 88' lang='lat' dir='ltr'>idololatriae</span> <span class='ocrx_word' id='word_1_316' title='bbox 561 3217 633 3253; x_wconf 89' lang='lat' dir='ltr'>reum</span> <span class='ocrx_word' id='word_1_317' title='bbox 652 3202 710 3254; x_wconf 88' lang='lat' dir='ltr'>lieri</span> <span class='ocrx_word' id='word_1_318' title='bbox 734 3204 862 3270; x_wconf 85' lang='lat' dir='ltr'>perbibet.</span> <span class='ocrx_word' id='word_1_319' title='bbox 898 3203 937 3255; x_wconf 79' lang='lat' dir='ltr'>liu</span> <span class='ocrx_word' id='word_1_320' title='bbox 956 3204 1012 3255; x_wconf 86' lang='lat' dir='ltr'>cius</span> <span class='ocrx_word' id='word_1_321' title='bbox 1028 3206 1126 3257; x_wconf 85' lang='lat' dir='ltr'>verbu:</span> <span class='ocrx_word' id='word_1_322' title='bbox 1151 3205 1216 3273; x_wconf 78' lang='lat' dir='ltr'>qaid</span> <span class='ocrx_word' id='word_1_323' title='bbox 1233 3205 1283 3254; x_wconf 86' lang='lat' dir='ltr'>erit</span> <span class='ocrx_word' id='word_1_324' title='bbox 1298 3221 1426 3254; x_wconf 76' lang='lat' dir='ltr'>semmam</span> 
     </span>
     <span class='ocr_line' id='line_1_37' title="bbox 210 3270 1427 3340; baseline 0.003 -22"><span class='ocrx_word' id='word_1_325' title='bbox 210 3287 242 3318; x_wconf 85' lang='lat' dir='ltr'>ac</span> <span class='ocrx_word' id='word_1_326' title='bbox 258 3270 435 3332; x_wconf 77' lang='lat' dir='ltr'>praecipuum,</span> <span class='ocrx_word' id='word_1_327' title='bbox 453 3270 481 3317; x_wconf 83' lang='lat' dir='ltr'>in</span> <span class='ocrx_word' id='word_1_328' title='bbox 498 3286 547 3337; x_wconf 80' lang='lat' dir='ltr'>quo</span> <span class='ocrx_word' id='word_1_329' title='bbox 565 3271 684 3320; x_wconf 76' lang='lat' dir='ltr'>diabolas</span> <span class='ocrx_word' id='word_1_330' title='bbox 700 3279 725 3320; x_wconf 84' lang='lat' dir='ltr'>et</span> <span class='ocrx_word' id='word_1_331' title='bbox 738 3288 850 3336; x_wconf 79' lang='lat' dir='ltr'>pompae</span> <span class='ocrx_word' id='word_1_332' title='bbox 867 3281 892 3322; x_wconf 84' lang='lat' dir='ltr'>el</span> <span class='ocrx_word' id='word_1_333' title='bbox 909 3274 1003 3338; x_wconf 76' lang='lat' dir='ltr'>angeli</span> <span class='ocrx_word' id='word_1_334' title='bbox 1016 3275 1071 3324; x_wconf 82' lang='lat' dir='ltr'>er’ets</span> <span class='ocrx_word' id='word_1_335' title='bbox 1089 3282 1252 3338; x_wconf 76' lang='lat' dir='ltr'>censeantur,</span> <span class='ocrx_word' id='word_1_336' title='bbox 1271 3289 1348 3340; x_wconf 77' lang='lat' dir='ltr'>qenes</span> <span class='ocrx_word' id='word_1_337' title='bbox 1365 3273 1427 3322; x_wconf 79' lang='lat' dir='ltr'>s‘elo-</span> 
     </span>
     <span class='ocr_line' id='line_1_38' title="bbox 209 3337 1426 3408; baseline 0.003 -22"><span class='ocrx_word' id='word_1_338' title='bbox 209 3337 337 3386; x_wconf 80' lang='lat' dir='ltr'>lnlolriai</span> <span class='ocrx_word' id='word_1_339' title='bbox 357 3343 384 3385; x_wconf 90' lang='lat' dir='ltr'>et</span> <span class='ocrx_word' id='word_1_340' title='bbox 402 3351 494 3402; x_wconf 79' lang='lat' dir='ltr'>porro:</span> <span class='ocrx_word' id='word_1_341' title='bbox 515 3339 600 3400; x_wconf 71' lang='lat' dir='ltr'>igitar</span> <span class='ocrx_word' id='word_1_342' title='bbox 615 3339 641 3388; x_wconf 85' lang='lat' dir='ltr'>si</span> <span class='ocrx_word' id='word_1_343' title='bbox 661 3357 694 3388; x_wconf 83' lang='lat' dir='ltr'>ex</span> <span class='ocrx_word' id='word_1_344' title='bbox 710 3341 862 3390; x_wconf 80' lang='lat' dir='ltr'>idololatria</span> <span class='ocrx_word' id='word_1_345' title='bbox 881 3342 1027 3391; x_wconf 73' lang='lat' dir='ltr'>universam</span> <span class='ocrx_word' id='word_1_346' title='bbox 1043 3343 1247 3408; x_wconf 75' lang='lat' dir='ltr'>spectaculorum</span> <span class='ocrx_word' id='word_1_347' title='bbox 1263 3349 1426 3406; x_wconf 74' lang='lat' dir='ltr'>paratas-esses</span> 
     </span>
     <span class='ocr_line' id='line_1_39' title="bbox 210 3405 1426 3476; baseline 0.007 -24"><span class='ocrx_word' id='word_1_348' title='bbox 210 3412 328 3453; x_wconf 72' lang='lat' dir='ltr'>comare</span> <span class='ocrx_word' id='word_1_349' title='bbox 349 3405 506 3470; x_wconf 75' lang='lat' dir='ltr'>eonstiterit,</span> <span class='ocrx_word' id='word_1_350' title='bbox 531 3407 677 3456; x_wconf 79' lang='lat' dir='ltr'>indubitale</span> <span class='ocrx_word' id='word_1_351' title='bbox 698 3409 909 3474; x_wconf 77' lang='lat' dir='ltr'>praeindicatam</span> <span class='ocrx_word' id='word_1_352' title='bbox 927 3411 991 3476; x_wconf 82' lang='lat' dir='ltr'>erit,</span> <span class='ocrx_word' id='word_1_353' title='bbox 1017 3412 1095 3460; x_wconf 81' lang='lat' dir='ltr'>etiosa</span> <span class='ocrx_word' id='word_1_354' title='bbox 1113 3411 1150 3460; x_wconf 78' lang='lat' dir='ltr'>ud</span> <span class='ocrx_word' id='word_1_355' title='bbox 1165 3411 1316 3475; x_wconf 76' lang='lat' dir='ltr'>spectacula</span> <span class='ocrx_word' id='word_1_356' title='bbox 1338 3412 1426 3474; x_wconf 80' lang='lat' dir='ltr'>perli-</span> 
     </span>
     <span class='ocr_line' id='line_1_40' title="bbox 209 3473 1425 3547; baseline 0.007 -26"><span class='ocrx_word' id='word_1_357' title='bbox 209 3487 271 3521; x_wconf 75' lang='lat' dir='ltr'>aere</span> <span class='ocrx_word' id='word_1_358' title='bbox 294 3473 494 3523; x_wconf 66' lang='lat' dir='ltr'>enuntiationis</span> <span class='ocrx_word' id='word_1_359' title='bbox 511 3483 616 3530; x_wconf 70' lang='lat' dir='ltr'>nomene</span> <span class='ocrx_word' id='word_1_360' title='bbox 632 3477 803 3527; x_wconf 78' lang='lat' dir='ltr'>testimoniam</span> <span class='ocrx_word' id='word_1_361' title='bbox 820 3479 849 3528; x_wconf 82' lang='lat' dir='ltr'>e&#39;re</span> <span class='ocrx_word' id='word_1_362' title='bbox 866 3480 987 3542; x_wconf 81' lang='lat' dir='ltr'>lauacro,</span> <span class='ocrx_word' id='word_1_363' title='bbox 1014 3495 1082 3547; x_wconf 81' lang='lat' dir='ltr'>qaae</span> <span class='ocrx_word' id='word_1_364' title='bbox 1099 3479 1202 3530; x_wconf 80' lang='lat' dir='ltr'>diabolo</span> <span class='ocrx_word' id='word_1_365' title='bbox 1224 3488 1249 3528; x_wconf 87' lang='lat' dir='ltr'>et</span> <span class='ocrx_word' id='word_1_366' title='bbox 1264 3495 1378 3544; x_wconf 76' lang='lat' dir='ltr'>pompae</span> <span class='ocrx_word' id='word_1_367' title='bbox 1399 3488 1425 3529; x_wconf 85' lang='lat' dir='ltr'>et</span> 
     </span>
     <span class='ocr_line' id='line_1_41' title="bbox 209 3541 1014 3610; baseline 0.012 -20"><span class='ocrx_word' id='word_1_368' title='bbox 209 3541 314 3606; x_wconf 73' lang='lat' dir='ltr'>angelis</span> <span class='ocrx_word' id='word_1_369' title='bbox 331 3542 386 3592; x_wconf 78' lang='lat' dir='ltr'>sias</span> <span class='ocrx_word' id='word_1_370' title='bbox 402 3543 455 3591; x_wconf 83' lang='lat' dir='ltr'>sient</span> <span class='ocrx_word' id='word_1_371' title='bbox 471 3544 631 3608; x_wconf 75' lang='lat' dir='ltr'>manerpata,</span> <span class='ocrx_word' id='word_1_372' title='bbox 650 3545 747 3594; x_wconf 79' lang='lat' dir='ltr'>scilieet</span> <span class='ocrx_word' id='word_1_373' title='bbox 761 3563 812 3610; x_wconf 84' lang='lat' dir='ltr'>per</span> <span class='ocrx_word' id='word_1_374' title='bbox 828 3547 1014 3600; x_wconf 79' lang='lat' dir='ltr'>idololatriam.</span> 
     </span>
    </p>

    <p class='ocr_par' dir='ltr' id='par_1_7' title="bbox 197 3609 1424 3888">
     <span class='ocr_line' id='line_1_42' title="bbox 277 3609 1423 3688; baseline 0.003 -27"><span class='ocrx_word' id='word_1_375' title='bbox 277 3609 337 3678; x_wconf 63' lang='lat' dir='ltr'>m)</span> <span class='ocrx_word' id='word_1_376' title='bbox 358 3611 456 3662; x_wconf 72' lang='lat' dir='ltr'>caniet.</span> <span class='ocrx_word' id='word_1_377' title='bbox 470 3611 537 3662; x_wconf 83' lang='lat' dir='ltr'>idem</span> <span class='ocrx_word' id='word_1_378' title='bbox 553 3613 584 3663; x_wconf 88' lang='lat' dir='ltr'>de</span> <span class='ocrx_word' id='word_1_379' title='bbox 604 3629 689 3667; x_wconf 79' lang='lat' dir='ltr'>coron.</span> <span class='ocrx_word' id='word_1_380' title='bbox 706 3615 780 3668; x_wconf 78' lang='lat' dir='ltr'>milit.</span> <span class='ocrx_word' id='word_1_381' title='bbox 799 3615 825 3666; x_wconf 81' lang='lat'>3.</span> <span class='ocrx_word' id='word_1_382' title='bbox 846 3632 871 3682; x_wconf 87' lang='lat' dir='ltr'>p.</span> <span class='ocrx_word' id='word_1_383' title='bbox 889 3615 955 3667; x_wconf 80' lang='lat'>34⁷:</span> <span class='ocrx_word' id='word_1_384' title='bbox 974 3619 1035 3664; x_wconf 81' lang='lat' dir='ltr'>Hae</span> <span class='ocrx_word' id='word_1_385' title='bbox 1052 3623 1127 3666; x_wconf 70' lang='lat' dir='ltr'>nunt</span> <span class='ocrx_word' id='word_1_386' title='bbox 1145 3631 1255 3688; x_wconf 79' lang='lat' dir='ltr'>pompqe</span> <span class='ocrx_word' id='word_1_387' title='bbox 1275 3615 1376 3664; x_wconf 77' lang='lat' dir='ltr'>diaboli</span> <span class='ocrx_word' id='word_1_388' title='bbox 1396 3625 1423 3664; x_wconf 84' lang='lat' dir='ltr'>et</span> 
     </span>
     <span class='ocr_line' id='line_1_43' title="bbox 209 3679 1423 3748; baseline 0.004 -20"><span class='ocrx_word' id='word_1_389' title='bbox 209 3679 363 3744; x_wconf 71' lang='lat' dir='ltr'>angelornm</span> <span class='ocrx_word' id='word_1_390' title='bbox 381 3681 449 3743; x_wconf 85' lang='lat' dir='ltr'>ee&#39;as,</span> <span class='ocrx_word' id='word_1_391' title='bbox 476 3679 563 3744; x_wconf 73' lang='lat' dir='ltr'>officia</span> <span class='ocrx_word' id='word_1_392' title='bbox 580 3683 675 3746; x_wconf 77' lang='lat' dir='ltr'>secali,</span> <span class='ocrx_word' id='word_1_393' title='bbox 697 3682 819 3745; x_wconf 75' lang='lat' dir='ltr'>bonores,</span> <span class='ocrx_word' id='word_1_394' title='bbox 844 3684 1017 3734; x_wconf 79' lang='lat' dir='ltr'>solemnitates</span> <span class='ocrx_word' id='word_1_395' title='bbox 1033 3685 1231 3748; x_wconf 60' lang='lat' dir='ltr'>postulavisse,</span> <span class='ocrx_word' id='word_1_396' title='bbox 1258 3683 1331 3748; x_wconf 71' lang='lat' dir='ltr'>falsu</span> <span class='ocrx_word' id='word_1_397' title='bbox 1349 3693 1423 3747; x_wconf 85' lang='lat' dir='ltr'>vota,</span> 
     </span>
     <span class='ocr_line' id='line_1_44' title="bbox 208 3748 1424 3819; baseline 0.004 -22"><span class='ocrx_word' id='word_1_398' title='bbox 208 3748 323 3798; x_wconf 73' lang='lat' dir='ltr'>aaaron</span> <span class='ocrx_word' id='word_1_399' title='bbox 340 3749 456 3814; x_wconf 67' lang='lat' dir='ltr'>aaronita,</span> <span class='ocrx_word' id='word_1_400' title='bbox 476 3751 568 3800; x_wconf 77' lang='lat' dir='ltr'>londes</span> <span class='ocrx_word' id='word_1_401' title='bbox 584 3767 680 3819; x_wconf 76' lang='lat' dir='ltr'>unane,</span> <span class='ocrx_word' id='word_1_402' title='bbox 695 3753 801 3814; x_wconf 77' lang='lat' dir='ltr'>gloriae</span> <span class='ocrx_word' id='word_1_403' title='bbox 817 3760 907 3816; x_wconf 80' lang='lat' dir='ltr'>turpes</span> <span class='ocrx_word' id='word_1_404' title='bbox 923 3759 949 3800; x_wconf 84' lang='lat' dir='ltr'>st</span> <span class='ocrx_word' id='word_1_405' title='bbox 967 3753 996 3800; x_wconf 79' lang='lat' dir='ltr'>s&#39;es</span> <span class='ocrx_word' id='word_1_406' title='bbox 1013 3753 1128 3802; x_wconf 76' lang='lat' dir='ltr'>omuibus</span> <span class='ocrx_word' id='word_1_407' title='bbox 1144 3753 1202 3802; x_wconf 84' lang='lat' dir='ltr'>r&#39;stt&#39;e</span> <span class='ocrx_word' id='word_1_408' title='bbox 1220 3753 1374 3802; x_wconf 77' lang='lat' dir='ltr'>idololatria</span> <span class='ocrx_word' id='word_1_409' title='bbox 1394 3754 1424 3802; x_wconf 81' lang='lat' dir='ltr'>s‘re</span> 
     </span>
     <span class='ocr_line' id='line_1_45' title="bbox 197 3819 1163 3888; baseline 0.003 -20"><span class='ocrx_word' id='word_1_410' title='bbox 197 3819 262 3868; x_wconf 81' lang='lat' dir='ltr'>¹solo</span> <span class='ocrx_word' id='word_1_411' title='bbox 279 3835 379 3886; x_wconf 79' lang='lat' dir='ltr'>qaoque</span> <span class='ocrx_word' id='word_1_412' title='bbox 397 3835 474 3868; x_wconf 81' lang='lat' dir='ltr'>ressa</span> <span class='ocrx_word' id='word_1_413' title='bbox 492 3835 657 3888; x_wconf 69' lang='lat' dir='ltr'>mansorem,</span> <span class='ocrx_word' id='word_1_414' title='bbox 672 3821 765 3886; x_wconf 80' lang='lat' dir='ltr'>quibas</span> <span class='ocrx_word' id='word_1_415' title='bbox 783 3820 868 3868; x_wconf 70' lang='lat' dir='ltr'>omnia</span> <span class='ocrx_word' id='word_1_416' title='bbox 884 3821 938 3868; x_wconf 78' lang='lat' dir='ltr'>isla</span> <span class='ocrx_word' id='word_1_417' title='bbox 956 3820 1077 3869; x_wconf 81' lang='lat' dir='ltr'>eeds&#39;ars&#39;ta</span> <span class='ocrx_word' id='word_1_418' title='bbox 1093 3829 1163 3874; x_wconf 80' lang='lat' dir='ltr'>sant.</span> 
     </span>
    </p>

    <p class='ocr_par' dir='ltr' id='par_1_8' title="bbox 198 3886 1423 4359">
     <span class='ocr_line' id='line_1_46' title="bbox 278 3886 1422 3953; baseline 0.004 -16"><span class='ocrx_word' id='word_1_419' title='bbox 278 3887 310 3949; x_wconf 86' lang='lat'>†)</span> <span class='ocrx_word' id='word_1_420' title='bbox 330 3886 564 3938; x_wconf 82' lang='lat' dir='ltr'>abrenuntiationis</span> <span class='ocrx_word' id='word_1_421' title='bbox 585 3887 661 3938; x_wconf 87' lang='lat' dir='ltr'>buius</span> <span class='ocrx_word' id='word_1_422' title='bbox 686 3887 850 3940; x_wconf 80' lang='lat' dir='ltr'>acrimoniam</span> <span class='ocrx_word' id='word_1_423' title='bbox 878 3888 962 3953; x_wconf 88' lang='lat' dir='ltr'>quoad</span> <span class='ocrx_word' id='word_1_424' title='bbox 990 3903 1077 3940; x_wconf 86' lang='lat' dir='ltr'>omnes</span> <span class='ocrx_word' id='word_1_425' title='bbox 1098 3904 1217 3942; x_wconf 85' lang='lat' dir='ltr'>numeros</span> <span class='ocrx_word' id='word_1_426' title='bbox 1242 3904 1292 3940; x_wconf 91' lang='lat' dir='ltr'>nou</span> <span class='ocrx_word' id='word_1_427' title='bbox 1313 3904 1347 3941; x_wconf 87' lang='lat' dir='ltr'>nx</span> <span class='ocrx_word' id='word_1_428' title='bbox 1364 3891 1422 3942; x_wconf 86' lang='lat' dir='ltr'>solo</span> 
     </span>
     <span class='ocr_line' id='line_1_47' title="bbox 209 3949 1421 4022; baseline 0.007 -20"><span class='ocrx_word' id='word_1_429' title='bbox 209 3949 437 4006; x_wconf 79' lang='lat' dir='ltr'>Tertulliano</span> <span class='ocrx_word' id='word_1_430' title='bbox 462 3957 489 4010; x_wconf 75' lang='lat'>2.</span> <span class='ocrx_word' id='word_1_431' title='bbox 517 3957 549 4004; x_wconf 86' lang='lat' dir='ltr'>de</span> <span class='ocrx_word' id='word_1_432' title='bbox 571 3973 655 4010; x_wconf 67' lang='lat' dir='ltr'>emon.</span> <span class='ocrx_word' id='word_1_433' title='bbox 678 3957 752 4004; x_wconf 78' lang='lat' dir='ltr'>milis.</span> <span class='ocrx_word' id='word_1_434' title='bbox 769 3956 795 4007; x_wconf 89' lang='grc'>3.</span> <span class='ocrx_word' id='word_1_435' title='bbox 824 3962 851 4006; x_wconf 87' lang='lat' dir='ltr'>el</span> <span class='ocrx_word' id='word_1_436' title='bbox 876 3957 909 4004; x_wconf 85' lang='lat' dir='ltr'>de</span> <span class='ocrx_word' id='word_1_437' title='bbox 931 3965 1043 4022; x_wconf 79' lang='lat' dir='ltr'>spectas.</span> <span class='ocrx_word' id='word_1_438' title='bbox 1069 3958 1095 4020; x_wconf 83' lang='lat' dir='ltr'>l,</span> <span class='ocrx_word' id='word_1_439' title='bbox 1123 3957 1165 4010; x_wconf 80' lang='lat' dir='ltr'>til.</span> <span class='ocrx_word' id='word_1_440' title='bbox 1194 3958 1318 4022; x_wconf 64' lang='lat' dir='ltr'>colligere</span> <span class='ocrx_word' id='word_1_441' title='bbox 1345 3958 1421 4010; x_wconf 81' lang='lat' dir='ltr'>licet.</span> 
     </span>
     <span class='ocr_line' id='line_1_48' title="bbox 208 4018 1422 4094; baseline 0.007 -24"><span class='ocrx_word' id='word_1_442' title='bbox 208 4018 340 4085; x_wconf 80' lang='lat' dir='ltr'>Falernae,</span> <span class='ocrx_word' id='word_1_443' title='bbox 363 4037 408 4074; x_wconf 90' lang='lat' dir='ltr'>uos</span> <span class='ocrx_word' id='word_1_444' title='bbox 428 4023 470 4074; x_wconf 90' lang='lat' dir='ltr'>bic</span> <span class='ocrx_word' id='word_1_445' title='bbox 491 4024 577 4090; x_wconf 89' lang='lat' dir='ltr'>aliqnn</span> <span class='ocrx_word' id='word_1_446' title='bbox 596 4039 629 4075; x_wconf 83' lang='lat' dir='ltr'>ex</span> <span class='ocrx_word' id='word_1_447' title='bbox 648 4025 954 4090; x_wconf 67' lang='lat' dir='ltr'>periclitationem.</span> <span class='ocrx_word' id='word_1_448' title='bbox 974 4025 1112 4088; x_wconf 75' lang='lat' dir='ltr'>iterur-ela,</span> <span class='ocrx_word' id='word_1_449' title='bbox 1131 4025 1174 4093; x_wconf 90' lang='lat' dir='ltr'>qni</span> <span class='ocrx_word' id='word_1_450' title='bbox 1192 4025 1239 4078; x_wconf 84' lang='lat' dir='ltr'>snb</span> <span class='ocrx_word' id='word_1_451' title='bbox 1260 4025 1422 4094; x_wconf 80' lang='lat' dir='ltr'>Iiinnpnii</span> 
     </span>
     <span class='ocr_line' id='line_1_49' title="bbox 208 4087 1423 4162; baseline 0.006 -22"><span class='ocrx_word' id='word_1_452' title='bbox 208 4087 381 4155; x_wconf 72' lang='lat' dir='ltr'>Areopagitas</span> <span class='ocrx_word' id='word_1_453' title='bbox 400 4091 501 4143; x_wconf 87' lang='lat' dir='ltr'>nomine</span> <span class='ocrx_word' id='word_1_454' title='bbox 519 4091 709 4158; x_wconf 79' lang='lat' dir='ltr'>circumfertur,</span> <span class='ocrx_word' id='word_1_455' title='bbox 727 4092 868 4144; x_wconf 84' lang='lat' dir='ltr'>autoritate</span> <span class='ocrx_word' id='word_1_456' title='bbox 884 4092 910 4143; x_wconf 89' lang='lat' dir='ltr'>in</span> <span class='ocrx_word' id='word_1_457' title='bbox 926 4108 958 4144; x_wconf 88' lang='lat' dir='ltr'>es</span> <span class='ocrx_word' id='word_1_458' title='bbox 971 4094 1130 4146; x_wconf 84' lang='lat' dir='ltr'>recensenda</span> <span class='ocrx_word' id='word_1_459' title='bbox 1145 4094 1215 4146; x_wconf 85' lang='lat' dir='ltr'>uisos</span> <span class='ocrx_word' id='word_1_460' title='bbox 1233 4094 1325 4159; x_wconf 87' lang='lat' dir='ltr'>inisse,</span> <span class='ocrx_word' id='word_1_461' title='bbox 1343 4111 1423 4162; x_wconf 86' lang='lat' dir='ltr'>quam</span> 
     </span>
     <span class='ocr_line' id='line_1_50' title="bbox 198 4157 1422 4228; baseline 0.007 -22"><span class='ocrx_word' id='word_1_462' title='bbox 198 4157 300 4208; x_wconf 40' lang='lat' dir='ltr'>*videas</span> <span class='ocrx_word' id='word_1_463' title='bbox 317 4158 343 4209; x_wconf 91' lang='lat' dir='ltr'>iu</span> <span class='ocrx_word' id='word_1_464' title='bbox 359 4159 385 4223; x_wconf 77' lang='lat'>2,</span> <span class='ocrx_word' id='word_1_465' title='bbox 402 4160 429 4214; x_wconf 72' lang='lat'>2·</span> <span class='ocrx_word' id='word_1_466' title='bbox 448 4161 474 4228; x_wconf 84' lang='lat'>§.</span> <span class='ocrx_word' id='word_1_467' title='bbox 488 4160 514 4211; x_wconf 81' lang='lat' dir='ltr'>b.</span> <span class='ocrx_word' id='word_1_468' title='bbox 532 4168 591 4215; x_wconf 83' lang='lat' dir='ltr'>toas.</span> <span class='ocrx_word' id='word_1_469' title='bbox 605 4161 629 4213; x_wconf 91' lang='lat'>1.</span> <span class='ocrx_word' id='word_1_470' title='bbox 646 4179 706 4226; x_wconf 83' lang='lat' dir='ltr'>opp.</span> <span class='ocrx_word' id='word_1_471' title='bbox 729 4177 755 4228; x_wconf 87' lang='lat' dir='ltr'>p.</span> <span class='ocrx_word' id='word_1_472' title='bbox 768 4161 829 4216; x_wconf 75' lang='lat'>25³.</span> <span class='ocrx_word' id='word_1_473' title='bbox 848 4161 911 4212; x_wconf 89' lang='lat' dir='ltr'>edit.</span> <span class='ocrx_word' id='word_1_474' title='bbox 931 4161 1067 4214; x_wconf 84' lang='lat' dir='ltr'>Gorder.</span> <span class='ocrx_word' id='word_1_475' title='bbox 1086 4163 1277 4228; x_wconf 77' lang='lat' dir='ltr'>Astra.15³4.‚</span> <span class='ocrx_word' id='word_1_476' title='bbox 1296 4163 1340 4216; x_wconf 89' lang='lat' dir='ltr'>eni</span> <span class='ocrx_word' id='word_1_477' title='bbox 1358 4179 1422 4216; x_wconf 86' lang='lat' dir='ltr'>vero</span> 
     </span>
     <span class='ocr_line' id='line_1_51' title="bbox 208 4225 1422 4298; baseline 0.008 -22"><span class='ocrx_word' id='word_1_478' title='bbox 208 4225 274 4276; x_wconf 92' lang='lat' dir='ltr'>siin</span> <span class='ocrx_word' id='word_1_479' title='bbox 293 4226 369 4278; x_wconf 90' lang='lat' dir='ltr'>rebus</span> <span class='ocrx_word' id='word_1_480' title='bbox 388 4227 464 4293; x_wconf 84' lang='lat' dir='ltr'>bajus</span> <span class='ocrx_word' id='word_1_481' title='bbox 482 4228 563 4280; x_wconf 85' lang='lat' dir='ltr'>seculi</span> <span class='ocrx_word' id='word_1_482' title='bbox 581 4244 713 4282; x_wconf 86' lang='lat' dir='ltr'>assensum</span> <span class='ocrx_word' id='word_1_483' title='bbox 731 4230 883 4298; x_wconf 77' lang='lat' dir='ltr'>exceptione</span> <span class='ocrx_word' id='word_1_484' title='bbox 898 4230 1020 4296; x_wconf 87' lang='lat' dir='ltr'>majoram</span> <span class='ocrx_word' id='word_1_485' title='bbox 1037 4231 1183 4284; x_wconf 85' lang='lat' dir='ltr'>detrectare</span> <span class='ocrx_word' id='word_1_486' title='bbox 1200 4232 1325 4298; x_wconf 78' lang='lat' dir='ltr'>volueris,</span> <span class='ocrx_word' id='word_1_487' title='bbox 1345 4233 1422 4286; x_wconf 84' lang='lat' dir='ltr'>nobis</span> 
     </span>
     <span class='ocr_line' id='line_1_52' title="bbox 201 4295 580 4359; baseline 0.008 -13"><span class='ocrx_word' id='word_1_488' title='bbox 201 4309 259 4346; x_wconf 86' lang='lat' dir='ltr'>nnn</span> <span class='ocrx_word' id='word_1_489' title='bbox 277 4295 469 4359; x_wconf 66' lang='lat' dir='ltr'>adiuuantibus</span> <span class='ocrx_word' id='word_1_490' title='bbox 489 4296 580 4349; x_wconf 85' lang='lat' dir='ltr'>iscius.</span> 
     </span>
    </p>
   </div>
   <div class='ocr_carea' id='block_1_4' title="bbox 278 4364 1422 4436">
    <p class='ocr_par' dir='ltr' id='par_1_9' title="bbox 278 4364 1422 4436">
     <span class='ocr_line' id='line_1_53' title="bbox 278 4364 1422 4436; baseline 0.006 -22"><span class='ocrx_word' id='word_1_491' title='bbox 278 4364 331 4428; x_wconf 85' lang='lat'>††)</span> <span class='ocrx_word' id='word_1_492' title='bbox 348 4365 382 4414; x_wconf 82' lang='lat' dir='ltr'>de</span> <span class='ocrx_word' id='word_1_493' title='bbox 398 4381 451 4419; x_wconf 83' lang='lat' dir='ltr'>ene.</span> <span class='ocrx_word' id='word_1_494' title='bbox 467 4366 554 4421; x_wconf 68' lang='lat' dir='ltr'>nidd.</span> <span class='ocrx_word' id='word_1_495' title='bbox 572 4382 598 4434; x_wconf 86' lang='lat' dir='ltr'>p.</span> <span class='ocrx_word' id='word_1_496' title='bbox 612 4367 677 4420; x_wconf 69' lang='lat' dir='ltr'>etl:</span> <span class='ocrx_word' id='word_1_497' title='bbox 695 4369 773 4417; x_wconf 77' lang='lat' dir='ltr'>Haase</span> <span class='ocrx_word' id='word_1_498' title='bbox 789 4367 814 4418; x_wconf 80' lang='lat' dir='ltr'>si</span> <span class='ocrx_word' id='word_1_499' title='bbox 829 4368 905 4416; x_wconf 79' lang='lat' dir='ltr'>salin</span> <span class='ocrx_word' id='word_1_500' title='bbox 920 4367 1053 4435; x_wconf 74' lang='lat' dir='ltr'>emptore</span> <span class='ocrx_word' id='word_1_501' title='bbox 1070 4367 1345 4436; x_wconf 56' lang='lat' dir='ltr'>nasammonas</span> <span class='ocrx_word' id='word_1_502' title='bbox 1362 4386 1422 4422; x_wconf 66' lang='grc' dir='ltr'>σοι·</span> 
     </span>
    </p>
   </div>
   <div class='ocr_carea' id='block_1_5' title="bbox 206 4433 1120 4509">
    <p class='ocr_par' dir='ltr' id='par_1_10' title="bbox 206 4433 1120 4509">
     <span class='ocr_line' id='line_1_54' title="bbox 206 4433 1120 4509; baseline 0.009 -23"><span class='ocrx_word' id='word_1_503' title='bbox 206 4433 317 4492; x_wconf 64' lang='lat' dir='ltr'>unedo</span> <span class='ocrx_word' id='word_1_504' title='bbox 333 4434 517 4505; x_wconf 76' lang='lat' dir='ltr'>smobnram&#39;t,</span> <span class='ocrx_word' id='word_1_505' title='bbox 534 4451 603 4509; x_wconf 66' lang='lat' dir='ltr'>quas</span> <span class='ocrx_word' id='word_1_506' title='bbox 618 4436 675 4490; x_wconf 82' lang='lat' dir='ltr'>eise</span> <span class='ocrx_word' id='word_1_507' title='bbox 691 4435 769 4487; x_wconf 78' lang='lat' dir='ltr'>dabis</span> <span class='ocrx_word' id='word_1_508' title='bbox 787 4436 820 4487; x_wconf 84' lang='lat' dir='ltr'>de</span> <span class='ocrx_word' id='word_1_509' title='bbox 836 4436 979 4490; x_wconf 64' lang='lat' dir='ltr'>tramae</span> <span class='ocrx_word' id='word_1_510' title='bbox 994 4437 1120 4494; x_wconf 62' lang='lat' dir='ltr'>noem.</span> 
     </span>
    </p>
   </div>
   <div class='ocr_carea' id='block_1_6' title="bbox 0 0 1476 4898">
    <p class='ocr_par' dir='ltr' id='par_1_11' title="bbox 0 0 1476 4898">
     <span class='ocr_line' id='line_1_55' title="bbox 0 0 1476 4898; baseline 0 0"><span class='ocrx_word' id='word_1_511' title='bbox 0 0 1476 4898; x_wconf 95' lang='lat' dir='ltr'> </span> 
     </span>
    </p>
   </div>
  </div>
 </body>
</html>
