2946 4906
273 236 338 302 ’324
454 285 459 298 .
496 253 499 261 “
706 229 813 332 Xlth.
846 229 913 294 dllr.
929 227 1054 292 Frilius

275 431 391 494 quoquc
407 407 486 472 dedit
502 406 693 472 Constantino
710 405 754 470 M.
775 407 863 487 imp,
881 415 914 468 ut
937 407 973 468 de
993 400 1184 467 conficiendis
1199 395 1239 462 L'
1252 393 1424 469 codicibus

274 499 431 562 sollicitus.
463 496 580 559 interim
597 506 692 558 tameo
709 504 738 557 st
753 493 826 556 iilud
844 503 955 556 certuur
972 503 1023 572 est,
1041 512 1143 555 ornnes
1160 491 1194 552 S.
1212 489 1252 550 S.
1273 487 1371 547 libros
1384 504 1434 552 sce·

273 587 370 649 foisse
393 585 519 666 scriptos
543 585 692 666 lectosque
710 583 828 664 publice
846 582 954 662 pariter
970 593 1057 664 atque
1076 577 1212 662 privatim
1229 597 1253 638 a
1271 573 1427 639 sedulisss

274 695 339 736 raro
357 673 536 736 voluminum
555 673 781 734 scrutatoribus.
827 671 894 747 Quo
912 670 1021 732 lactum
1039 681 1094 744 cst,
1114 675 1147 728 ut
1167 663 1322 727 nonnulli
1342 663 1431 742 libris

275 763 453 842 conjunctior
466 760 597 824 scribere
610 759 699 822 moris
711 769 783 835 erat,
800 757 888 820 certis
901 757 1009 820 luerint
1019 755 1155 837 insigniti
1170 754 1368 828 nominibus,
1382 772 1438 844 cp.

275 846 434 930 evangelia
457 846 515 909 rori
539 841 733 929 ἓυαγγελίου,
761 856 789 910 ct
814 846 1011 927 apostolorum
1032 842 1177 926 epistolae
1202 839 1270 903 τοῦ
1301 840 1431 902 incorrat

274 939 338 1000 Jaru
356 957 420 999 coru
445 956 463 998 a
480 935 596 997 clericis
616 935 741 1017 aliisque
757 937 792 996 ad
813 933 1210 1015 traditionemposcereotur
1225 931 1372 1003 codices,
1389 927 1427 1004 lia³

276 1036 355 1085 certe
377 1033 462 1099 sunt,
487 1041 681 1104 quoscunque
702 1024 867 1098 habebant,
893 1043 1005 1086 omnes.
1049 1021 1115 1084 Non
1141 1019 1220 1082 enirn
1240 1017 1333 1078 illud
1353 1027 1432 1076 tantur

272 1111 405 1194 judicum
423 1108 570 1190 adloquiis
588 1111 740 1172 consuetis
759 1112 897 1190 adparet,
921 1131 986 1170 curu
1006 1107 1161 1169 dicebaut:
1188 1110 1335 1181 Profecto
1351 1111 1433 1182 scripu

274 1221 346 1280 quos
360 1201 474 1274 bebetis,
490 1220 598 1274 ornam
615 1201 667 1260 scd
685 1198 771 1260 etiem
788 1217 826 1259 ex
843 1196 1004 1258 universali
1019 1193 1208 1276 imperatoris
1225 1193 1421 1266 voluntates

274 1288 333 1348 bos
350 1287 467 1348 omuino
484 1287 637 1347 codicibus
654 1286 786 1348 studiose
803 1283 933 1362 exitiali;
959 1295 991 1346 nt
1010 1287 1084 1346 adeo
1102 1283 1247 1344 tradendo
1270 1279 1419 1342 volumina
1445 1299 1446 1302 ¹

274 1375 350 1449 rint,
374 1374 399 1436 si
419 1375 586 1451 edessena·
599 1373 713 1452 cronia,
738 1372 878 1454 pauciora
898 1393 984 1451 vcro,
1009 1373 1060 1433 ubi
1081 1370 1224 1452 pauciora
1242 1371 1431 1430 adservatur

274 1462 392 1524 Forsan
415 1473 443 1524 et
463 1462 535 1523 illud
554 1462 668 1536 accidit,
687 1471 753 1522 uta
774 1459 951 1524 Christianis
974 1471 1061 1521 antea
1082 1457 1225 1520 sciscitati
1251 1456 1375 1518 luerint
1393 1453 1449 1534 prs

276 1571 418 1631 quosnam
435 1549 525 1610 libros
543 1572 596 1631 pro
613 1549 718 1610 diriois
737 1551 892 1623 haherent,
913 1546 1008 1630 prouti
1026 1547 1142 1630 quidem
1162 1541 1356 1608 Scillitauos
1373 1555 1431 1622 nrart¹

275 1638 463 1700 hacreticus
480 1638 677 1718 interrogatos
694 1637 787 1699 luisse
806 1656 899 1716 sopra
919 1636 1150 1698 observavimus.
1436 1715 1437 1724 ἵ

363 1727 420 1804 22)
438 1725 558 1788 Diserte
569 1725 753 1804 Augustinus
767 1745 828 1800 eos,
843 1724 950 1805 quibus
964 1721 1223 1786 obstetricantibus
1236 1721 1381 1783 codicum
1394 1731 1424 1777 trr

275 1812 355 1874 lacte
374 1823 429 1882 cst,
454 1823 580 1892 rrrprotrr
598 1820 701 1893 impius
716 1822 864 1892 potestates
883 1822 983 1889 vocat,
1008 1815 1107 1894 quibus
1124 1813 1188 1872 iibri
1205 1813 1393 1872 ecclesiastici
1405 1816 1423 1864 tr

222 1889 227 1902 ’
275 1908 348 1972 sint,
374 1905 484 1980 (contro
504 1901 644 1963 Goudrot.
671 1901 699 1976 l,
717 1901 784 1978 37.)
825 1899 928 1980 ltaque
964 1897 1009 1961 rel
1036 1901 1091 1960 hoc
1116 1919 1209 1959 uuuru
1239 1897 1385 1958 sufficere
1406 1904 1434 1970 pet

277 1985 484 2061 testimonium,
505 1989 582 2066 quod
601 1986 725 2062 evincat,
742 1985 860 2070 judices
879 1987 1053 2066 saepissime
1072 1985 1197 2067 piurima
1215 1998 1341 2065 praeter
1358 1982 1427 2060 imper

276 2071 346 2132 tiuro
366 2071 544 2132 voluntatem
563 2072 663 2149 egisse
679 2071 860 2154 longiusque
879 2074 1065 2150 extendisse,
1091 2095 1126 2135 ac
1144 2094 1198 2153 pur
1215 2084 1301 2150 erat,
1322 2069 1452 2142 domiurrd

276 2167 443 2239 praccepta.
488 2158 540 2219 Sic
568 2159 692 2239 periisse
715 2181 833 2241 quoqne
858 2163 1004 2224 oredimus
1025 2161 1165 2244 plurimos
1186 2159 1385 2223 ecclesiarum
1403 2155 1427 2214 iil

274 2246 448 2326 liturgicus,
480 2246 653 2309 lectionaria
679 2246 848 2330 similiaque
873 2250 1002 2330 scripta,
1035 2253 1071 2311 ob
1098 2249 1230 2331 judicum
1256 2249 1290 2308 in
1317 2246 1424 2311 Christis

276 2336 392 2412 adiuro,
424 2355 500 2418 quae
523 2333 653 2418 alioquin
678 2357 798 2398 screare
824 2338 987 2398 nflarrrrois'
1006 2339 1212 2418 imperatorum
1240 2333 1332 2399 salva
1356 2331 1421 2397 relrr

275 2435 441 2502 potuerant,
461 2435 559 2504 utpote
574 2445 649 2504 quae
667 2425 698 2486 S.
717 2424 748 2486 S.
767 2425 860 2485 libros
878 2424 1013 2506 inprimis
1031 2445 1161 2488 cromaco
1173 2425 1279 2506 jussit.
1408 2471 1413 2480 .
1433 2444 1451 2562 p

197 2505 203 2514 ”
364 2510 420 2584 23)
445 2511 587 2572 Sciebant
604 2509 763 2574 Christiani
788 2513 931 2594 ejusmodi
950 2526 1105 2596 martyrum
1125 2524 1191 2574 acta
1213 2511 1263 2574 rel
1280 2531 1388 2592 magon
1400 2503 1449 2587 ptt'.

275 2613 293 2655 a
318 2596 442 2657 notariis
469 2597 597 2676 publicis
615 2599 775 2677 redimere,
801 2601 847 2661 rcl
872 2600 1031 2680 ipsa-inter
1049 2601 1215 2662 conflictum
1240 2597 1449 2661 tormentoruni

275 2683 419 2745 adstantis
438 2685 536 2765 populi
555 2687 667 2748 turham
688 2709 739 2768 por
754 2708 825 2749 suos
844 2689 1055 2750 conscribenda
1074 2709 1188 2750 curare.
1236 2689 1326 2750 Unde
1343 2687 1407 2747 lecta
1418 2688 1452 2757 snt

276 2769 416 2851 deinceps
440 2772 557 2852 publice
581 2773 610 2833 in
637 2775 792 2851 ecclesiis,
820 2776 991 2856 praesertim
1014 2776 1174 2851 diriraois,
1194 2786 1226 2836 nt
1252 2797 1308 2857 per
1328 2775 1377 2836 illa
1392 2769 1450 2832 rorr'd

275 2857 405 2921 fidolium
422 2861 562 2922 universa
586 2864 624 2922 ad
644 2861 720 2942 pisto
740 2863 929 2924 imitationem
949 2871 1045 2926 tautae
1064 2863 1246 2929 fortitudinis
1260 2865 1376 2948 jugiter
1389 2858 1452 2948 init-t

275 2956 373 3022 retur3
399 2949 456 3010 rid.
479 2949 636 3028 Bingharui
657 2955 735 3028 (trip.
755 2954 857 3012 Ecolcr.
881 2949 913 3029 2,
930 2975 958 3032 p.
976 2954 1045 3028 75.;
1071 2949 1102 3025 5,
1119 2975 1146 3032 p.
1165 2952 1257 3034 296.3
1284 2949 1317 3029 9,
1335 2976 1363 3031 p.
1382 2948 1451 3008 trtt

277 3029 353 3099 Petr.
372 3035 473 3096 Zoroii
494 3040 603 3098 dissert.
621 3040 654 3098 dc
671 3044 862 3100 Notariorum·
878 3045 906 3100 ire
926 3046 1017 3118 primo
1036 3043 1148 3101 coclerio
1165 3061 1220 3100 oco
1234 3043 1377 3118 sinpulnri
1392 3047 1412 3095 rt
1423 3037 1445 3090 rri

274 3128 346 3199 pior,
364 3125 436 3202 qood
452 3126 489 3184 od
510 3136 574 3185 octo
590 3136 746 3202 martyrario
763 3136 789 3186 ct
804 3137 965 3187 sanctorum
981 3133 1143 3206 coneipouto
1162 3133 1264 3204 attinet
1287 3131 1399 3208 (opusc.
1412 3139 1444 3182 stt

276 3209 315 3268 Τ.
332 3210 367 3270 ll.
391 3231 420 3289 p.
437 3211 535 3288 boz).
581 3211 634 3273 llla
653 3213 719 3294 ipsa
734 3235 804 3276 vero
829 3224 895 3274 acta
914 3223 970 3275 taur
991 3225 1092 3276 sancto
1110 3215 1209 3276 habito
1229 3225 1348 3296 tamque
1364 3209 1440 3276 stadio

276 3303 450 3357 conservata
474 3299 509 3358 ad
531 3298 662 3361 flammas
689 3323 803 3382 quoque
828 3301 933 3362 tradita
956 3301 1051 3364 fuisse
1076 3314 1186 3364 certum
1210 3313 1265 3364 est.
1312 3303 1359 3364 lta
1384 3298 1437 3362 euin

275 3383 378 3444 Felice
396 3384 604 3465 'l'ubyzaccnsi
620 3387 824 3466 Magoilianus
849 3411 907 3450 non
926 3387 1020 3451 libros
1041 3398 1169 3466 tautum,
1193 3393 1245 3452 sed
1266 3399 1295 3452 et
1312 3391 1436 3452 merubrrr

275 3471 443 3550 postulabat
459 3473 528 3552 igne
545 3476 711 3536 adprendas
729 3475 773 3556 (in
791 3477 866 3536 actis
885 3497 909 3540 s.
926 3476 1039 3540 Felicis
1054 3499 1082 3558 p.
1100 3500 1137 3540 m.
1155 3478 1251 3554 tto),
1270 3487 1374 3559 utpote
1390 3475 1450 3557 quta

275 3570 341 3622 acta
373 3571 529 3642 martyrum
557 3562 715 3642 praecipue
741 3561 905 3626 inscribere
939 3565 1029 3626 moris
1063 3576 1135 3626 erat.
1181 3563 1259 3626 Hinc
1292 3576 1321 3628 ct
1349 3567 1448 3645 ingero

271 3647 416 3727 jacturam
444 3647 565 3730 egregie
588 3648 725 3731 ,deplorat
747 3650 925 3714 Prudentius
955 3649 1050 3734 (περὶ
1074 3673 1165 3731 oceo.
1192 3655 1265 3728 bom.
1283 3661 1310 3716 1.
1337 3677 1366 3717 c.
1385 3646 1450 3713 rtet

275 3733 394 3800 diceus:

556 3825 736 3876 Onetostotis
755 3825 859 3876 silentis
879 3825 999 3878 obsoleto
1019 3825 1133 3878 otttotor

481 3893 636 3944 lucidentur·
654 3895 709 3944 isto
726 3893 817 3958 nobis,
837 3896 914 3960 foma
934 3902 959 3946 et
978 3897 1041 3964 ipso
1060 3897 1247 3960 ecstr'rrpur'tur.

363 3985 377 4004 ·
485 3961 632 4014 Olortnins
651 3961 816 4030 blasphemos
837 3965 899 4016 oiim
917 3980 979 4016 onor
997 3965 1106 4016 satelles
1124 3963 1244 4028 obstulit,

553 4032 597 4081 Ne
616 4029 751 4083 tenoribus
772 4030 867 4084 libeliis
885 4034 991 4084 andito
1010 4035 1119 4085 soecrrlo
1177 4073 1204 4088 .,

485 4099 619 4164 tirtb'rreor,
639 4107 750 4166 tempos,
768 4101 919 4169 modumque
933 4105 1071 4172 passionis
1087 4103 1221 4170 prodituros
1295 4145 1297 4151 ,

482 4166 611 4218 Dulcibus
631 4171 729 4236 diopetis
748 4185 796 4236 per
814 4187 895 4222 nores
912 4179 1080 4237 posterorum
1097 4179 1266 4240 sporperent.
1449 4167 1450 4238 i

274 4239 342 4306 Pari
368 4247 452 4304 modo
476 4259 504 4309 et
522 4251 725 4332 opiscoporum
745 4266 797 4318 aut
813 4258 937 4318 slioruru
957 4267 1114 4340 martyrum
1131 4261 1167 4321 ad
1186 4279 1259 4322 suos
1277 4260 1441 4322 cohortatiort

268 4333 345 4413 igne
363 4341 507 4428 creroatas
525 4335 618 4394 fuisso
637 4341 856 4419 existimamus,
881 4363 954 4423 quas
970 4345 1016 4405 vel
1037 4345 1094 4424 ipsi
1111 4345 1142 4407 in
1159 4346 1285 4410 vinculis
1303 4349 1442 4428 conscrips

275 4428 353 4498 runt,
370 4413 418 4480 rel
429 4420 506 4474 roter
519 4422 662 4480 tormenta
678 4442 715 4484 ex
730 4425 846 4490 illorum
859 4449 910 4492 orc
922 4429 1082 4494 Christiani
1098 4421 1290 4519 copriypuepot
1303 4447 1444 4519 exceptrurt
