2942 4892
336 240 373 301 de
389 237 497 304 veteris
513 236 587 304 eccl.
605 237 686 328 circe
701 234 885 320 poenitentes
903 239 1014 322 rigore.
1058 258 1061 268 ¹
1216 240 1281 307 273

58 407 224 474 Melitonos
243 409 351 493 episc,
374 381 517 495 epistola3
541 416 578 478 da
601 383 676 480 eccl.=
690 413 891 479 Alexandrina
913 423 1030 497 praeter
1046 432 1181 490 moneo,
1205 435 1281 498 qnos

58 517 158 580 supra
171 500 404 580 commemoravi,
415 501 494 564 Petri
503 501 704 582 Alexandrini,
715 502 867 568 Athanasii
881 505 918 566 ad
930 507 1134 565 nudatam
1146 503 1281 585 epistole,

57 593 213 650 coamtme
228 607 341 666 omues,
359 610 432 671 quas
449 609 515 652 cum
527 589 715 655 Balsameuis
732 591 907 655 etZonarae
922 593 1035 654 eamn
1051 589 1169 653 exbibet
1183 589 1282 658 Guil.
1329 597 1334 604 '
1422 593 1425 602 '

56 675 289 754 Boreregius
307 683 377 739 Pom
387 684 430 740 11.
447 681 577 754 sonabo.
604 680 650 742 Ile
669 664 807 742 ecclesiia
824 675 913 762 porro
924 683 1092 761 ancyrana,x
1107 677 1281 744 Neocaesa-

57 763 182 842 reensi,
203 762 374 827 Laodicena
391 774 551 845 testantur,
574 785 650 848 quae
667 767 775 840 ibidem
792 765 894 832 habita
908 767 1030 830 luerunt
1048 764 1187 844 concilia,
1207 787 1280 849 pro·

28 869 38 877 ¹
56 849 204 914 vincialia
220 850 329 931 omnia,
348 872 472 932 quorum
490 855 606 918 decreta
623 874 681 916 nou
694 857 737 918 ad
753 875 852 934 unam,
869 875 969 918 rerum
985 855 1023 917 ad
1039 873 1142 917 omnes
1160 853 1192 916 in
1207 873 1279 936 prn-

53 937 168 1002 vinciis
187 938 316 1020 siugulis
333 941 390 1002 sub
408 961 467 1005 una
484 940 637 1025 metropoli
656 942 801 1006 ecclesias
820 942 1020 1025 pertinebaut;
1050 961 1175 1024 cumque
1191 941 1222 1004 in
1240 941 1279 1006 iis

55 1025 149 1088 simul
169 1024 302 1106 aliarum,
322 1029 491 1110 cumprimis
510 1029 681 1108 vicinarum,
707 1049 798 1113 saepe
813 1030 900 1094 etiam
916 1041 1093 1094 remotarum
1109 1039 1138 1092 et
1154 1027 1278 1096 alterins

53 1114 149 1196 plane
165 1113 337 1178 dioeceseos
353 1116 569 1198 proriuciarum
586 1117 719 1200 episcopi
735 1117 935 1198 convenerint,
951 1128 984 1182 ut
998 1117 1029 1180 in
1047 1119 1161 1201 synode
1177 1121 1279 1202 dney·

54 1223 146 1280 rana,
172 1201 287 1284 Syriae,
311 1203 446 1284 Ciliciae,
470 1203 648 1288 Lycaoniae,
668 1205 826 1289 Phrygiae,
845 1205 986 1283 Pisidiae,
1002 1203 1205 1290 Pamphyliae,
1222 1205 1278 1288 lli-

36 1289 191 1369 'thyaiae,
211 1289 418 1372 Cappadociae
434 1292 544 1374 primae
562 1294 744 1374 aliarumque
760 1293 976 1376 provinciarum
993 1293 1136 1376 episcopi,
1153 1314 1278 1375 quorum

54 1399 163 1441 omnes
179 1380 292 1460 syuodo
309 1380 526 1462 subscripsisse
546 1401 583 1444 ex
599 1381 673 1444 actis
689 1392 821 1463 apparet,
843 1392 947 1463 postea
964 1381 995 1443 iu
1010 1379 1161 1444 suisillos
1177 1381 1278 1444 eecle-
1331 1381 1334 1388 ’

53 1465 114 1529 siis
131 1467 170 1528 ad
186 1487 316 1544 normam
333 1489 444 1548 eorum,
461 1469 581 1550 quaein
598 1469 771 1550 prouinciali
788 1465 915 1532 concilio
928 1471 965 1531 de
979 1467 1159 1550 poenitentia
1175 1468 1278 1552 lapso·

54 1575 124 1615 rum
138 1556 259 1634 vdecreta
278 1555 395 1619 fueraut
413 1567 440 1619 et
456 1578 532 1639 quae
548 1555 763 1620 subscribendo
780 1566 844 1620 rata
859 1555 904 1618 illi
922 1556 1096 1634 habuerant,
1119 1577 1185 1619 cum
1202 1578 1277 1639 poe-

53 1641 221 1704 nitentibus
240 1651 358 1706 acturos
376 1643 488 1724 luisse,
514 1645 635 1707 dubium
655 1652 712 1706 non
730 1651 795 1723 est,¹
810 1643 869 1710 nisi
887 1645 962 1706 forte
978 1663 997 1705 a
1013 1663 1087 1707 suae
1103 1643 1276 1710 dioeceseos

54 1729 294 1812 metropolitano,
313 1753 398 1813 quem
419 1742 521 1814 postea
538 1731 732 1814 patriarcham
749 1731 861 1807 dixere,
886 1733 980 1796 editae
1000 1730 1169 1813 peculiares
1185 1732 1276 1817 hujus

53 1817 101 1880 rei
119 1816 204 1898 leges
222 1825 363 1898 extarent,
384 1821 493 1902 quibus
512 1821 767 1902 adstringereulur
784 1820 921 1896 omnium,
945 1839 1021 1902 quae
1039 1821 1078 1882 ab
1092 1817 1177 1883 illius
1192 1821 1276 1902 regi·
1352 1852 1357 1864 1

54 1905 137 1968 mine
153 1907 328 1988 pendebant,
345 1907 561 1988 provinciarum
578 1906 719 1990 episcopi.
738 1945 776 1994 7-
795 1905 825 1990 §.
839 1907 889 1972 12.
906 1907 945 1970 Et
960 1927 1033 1970 sane
1044 1907 1165 1970 luerunt
1176 1917 1275 1972 tentae

54 1993 223 2056 autoritatis
241 1993 315 2058 haec
334 1995 470 2070 coucilia,
489 2005 521 2058 ut
540 2007 727 2078 quotcunque
743 1995 774 2058 in
791 1995 829 2058 iis
846 1997 882 2058 da
900 1994 1067 2076 disciplina,
1090 1997 1126 2058 de
1142 1996 1274 2060 muribus

54 2079 187 2163 aliisque
205 2082 405 2163 compluribus
422 2085 511 2146 rebus
528 2083 659 2148 sancitae
676 2084 801 2162 fueraut,
817 2081 903 2165 lepos
920 2081 1143 2147 ecclesiasticae
1158 2103 1218 2147 non
1233 2083 1275 2148 ita

54 2169 149 2232 multo
167 2177 235 2251 pest
249 2170 280 2232 iu
297 2191 388 2233 uuum
404 2171 474 2235 illac
492 2193 600 2252 corpus
617 2181 785 2254 compactae
801 2171 970 2253 scriptoque
985 2173 1140 2236 mandatae
1153 2172 1274 2254 prodic-

54 2257 126 2321 rint.
171 2257 243 2324 Inde
267 2259 409 2323 conflatus
437 2268 481 2322 cst
506 2259 643 2342 antiquus
668 2279 812 2323 canonum
840 2261 951 2336 cedere,
985 2279 1071 2340 quem
1094 2269 1162 2322 ante
1187 2279 1273 2326 conc.
1406 2255 1408 2261 ⁴

55 2343 302 2408 Chalcedoueose
331 2345 361 2407 io
383 2345 535 2410 suos-sibi
563 2368 637 2410 usus
661 2349 933 2432 serrabotxgraeca
957 2345 1100 2426 ecclesia,
1132 2349 1210 2428 quod
1235 2369 1274 2412 ex

53 2433 153 2514 ipsius
172 2433 288 2496 concilii
306 2435 423 2496 actione
441 2434 471 2498 4.
491 2445 627 2516 apparet,
647 2435 699 2496 ubi
717 2433 822 2501 Carcsi
839 2444 867 2497 et
881 2432 1031 2510 Dorothei,
1055 2443 1113 2496 turn
1130 2431 1227 2496 Phatii
1244 2441 1274 2498 et

55 2521 215 2599 Eustathii,
232 2520 449 2604 episcoporum,
467 2543 577 2585 causae
594 2524 631 2584 ad
648 2521 731 2584 illius
749 2524 868 2586 decreta
884 2519 1098 2584 examinantur.
1132 2521 1273 2586 Canoues

54 2608 86 2670 iu
102 2609 159 2670 hoc
175 2609 276 2671 codice
292 2609 332 2672 ita
348 2609 482 2691 dispositi
500 2619 592 2686 erant,
617 2619 649 2671 ut
665 2609 789 2674 Nicacni
804 2609 836 2672 iu
852 2610 949 2672 fronte
965 2619 1176 2692 comparerent,
1201 2631 1272 2693 pre-

54 2707 120 2778 pter
139 2697 322 2760 autoritatem
343 2707 371 2758 et
387 2697 557 2778 dignitatem
577 2696 675 2778 magni
694 2697 777 2762 illius
794 2697 922 2774 concilii,
939 2699 1016 2779 quod
1035 2697 1168 2778 primmn
1180 2717 1273 2762 escu-

54 2783 200 2846 nreuioum
226 2784 354 2848 ecclesia
380 2784 540 2848 christiana
563 2784 737 2861 celebrarit,
770 2793 964 2868 sequerentur
989 2783 1094 2847 deinde
1111 2785 1272 2865 Ancynaui,

53 2873 340 2946 Neocaesarccoses,
351 2873 552 2954 Gaugrcuses,
565 2871 746 2949 dutiocheui,
758 2872 930 2950 Laodiceni,
940 2869 1271 2953 Constantinopolitani,
1393 2925 1399 2932 .

54 2980 156 3022 omncs
180 2960 210 3021 in
231 2962 292 3023 165
311 2960 407 3042 capita
431 2982 490 3024 una
509 2960 677 3022 continuata
697 2980 883 3022 numerorum
908 2957 986 3021 seric
1007 2957 1136 3040 digesti,
1160 2959 1270 3042 quihus

54 3057 193 3129 pesteaa
216 3049 319 3130 synodi
337 3047 591 3113 Chalcedonensis
614 3059 743 3131 tempere
767 3049 803 3110 ad
819 3046 993 3128 Dionysium
1017 3065 1130 3126 usque,
1155 3048 1269 3112 Romae

53 3137 200 3212 abbatem,
226 3145 419 3217 cognomento
439 3136 599 3218 Exiguum,
625 3143 818 3199 accesserunt
835 3133 1270 3222 Chalcedonenses,postre1no

53 3222 197 3306 Ephesiui
218 3243 356 3300 canones,
382 3227 459 3287 uude
477 3224 599 3302 laetum,
620 3234 653 3286 ut
676 3241 712 3287 err
732 3223 788 3288 ista
807 3229 952 3287 canonum
977 3221 1128 3303 larrapioc
1153 3225 1270 3288 tandem
1318 3277 1322 3288 .
1383 3258 1385 3264 .

51 3319 152 3373 natum
177 3310 265 3391 luerit
286 3311 359 3374 illud
384 3311 495 3375 codicis
514 3333 640 3392 corpus,
663 3312 749 3394 cujus
767 3311 921 3376 autoritate
938 3309 1070 3393 sequiori
1086 3331 1169 3390 aero,
1186 3321 1270 3394 post-

52 3419 140 3481 quam
150 3399 309 3462 iustiniani
327 3403 445 3463 Nouello
460 3403 530 3462 131.
547 3400 645 3481 legum
662 3399 931 3464 ecclesiasticarum
947 3402 1004 3462 rinr
1022 3399 1198 3472 obtinuerat,
1214 3419 1270 3462 usn

53 3495 98 3550 est
115 3485 255 3551 uniuersa
272 3487 410 3550 ecelesia.
447 3487 482 3550 ln
499 3487 725 3571 quibuscunque
742 3489 834 3571 igitur
850 3487 980 3551 Orientis
997 3486 1134 3549 ecclesiis
1150 3497 1270 3569 recepte

51 3575 107 3636 luit
130 3583 197 3638 aute
222 3573 377 3638 concilium
393 3575 734 3648 chalcedonensetaee
758 3597 901 3640 canonum
928 3573 1082 3646 cellectio,
1109 3575 1141 3636 iu
1164 3573 1204 3636 iis
1227 3573 1271 3638 ite

52 3674 171 3743 recepta
185 3662 250 3740 luit,
267 3673 299 3744 ut
315 3663 428 3745 ejusde
443 3662 631 3744 poenitentia,
648 3664 843 3744 poeniteutiae
859 3673 988 3744 ternpore
1005 3672 1033 3724 ct
1049 3660 1080 3722 iu
1094 3662 1269 3727 universum
1297 3728 1302 3736 ,

52 3753 88 3812 de
107 3749 264 3832 disciplina
283 3751 356 3814 eccl.
372 3753 489 3814 decreta
507 3750 570 3830 pari
588 3753 742 3815 autoritate
758 3755 865 3814 donata
880 3749 1002 3812 fuerint.
1026 3783 1069 3794 -
1094 3750 1123 3834 ς.
1142 3749 1194 3812 1³.
1224 3751 1269 3814 Ad

51 3838 138 3901 finem
156 3846 296 3924 uergente
313 3833 374 3902 sec.
390 3839 439 3904 lv.
457 3839 584 3922 majores
602 3841 638 3900 ad
655 3837 804 3903 leuitatem
823 3855 1004 3920 progressus
1020 3835 1051 3896 iu
1070 3835 1191 3900 Oriente
1212 3838 1278 3900 ha-

52 3926 116 3988 buit
147 3925 304 4006 disciplina
335 3925 474 3990 severior.
519 3927 643 3990 Remoto
671 3926 747 3990 enim
778 3927 810 3988 in
837 3922 1166 4004 Constantinopolitanae
1193 3925 1269 3990 eccl.

50 4014 182 4096 tempore
200 4013 328 4078 Nectarii
347 4017 527 4097 presbytero,
544 4014 593 4096 qui
611 4015 766 4078 audiendis
782 4015 906 4077 uacabat
922 4010 1132 4092 poenitentium
1148 4014 1269 4094 contes-

51 4102 197 4180 sionibus,
220 4101 307 4184 plauc
324 4102 440 4166 sublata
457 4101 512 4164 luit
529 4110 714 4184 peccaturum
731 4102 845 4184 privata
864 4099 1024 4178 confessio,
1043 4100 1155 4163 sublati
1171 4100 1268 4183 etiarn,

52 4189 101 4272 qui
125 4188 344 4272 poenitentibus
367 4191 522 4272 bucusque
545 4189 660 4253 ferendi
677 4191 810 4267 lucrant,
829 4187 1029 4270 poeniteutiae
1049 4185 1170 4252 labores
1193 4190 1268 4252 adeo

53 4276 189 4342 difficiles
215 4287 244 4340 et
265 4277 390 4342 molesti.
415 4277 495 4341 Hinc
512 4276 542 4338 in
562 4275 637 4342 eccl.
654 4275 981 4359 Constantinopolitano
997 4274 1108 4340 sensim
1124 4279 1160 4338 de
1176 4274 1269 4344 disni-

51 4362 152 4446 pliuae
172 4363 269 4446 rigore
287 4364 455 4447 remissam,
479 4365 559 4430 lacta
575 4372 730 4446 potestate,
754 4376 786 4429 at
803 4377 854 4447 pr'e
869 4385 939 4428 eune
954 4369 1071 4446 qouque
1087 4367 1280 4428 memination-

51 4459 159 4517 rottoae
180 4455 217 4517 ad
235 4452 437 4538 mysteriorum
456 4452 688 4520 communionem
706 4449 870 4536 accederet,
892 4453 972 4536 qued
988 4450 1129 4518 Socrates
1145 4454 1269 4514 eantur
1386 4523 1390 4528 Ι

97 4554 438 4609 cenomanensium.
732 4615 743 4642 ἱ
876 4625 879 4631 Ι
1024 4537 1066 4604 18
