2944 4890
537 177 574 241 de
593 127 812 245 renitimini.
1113 221 1120 234 ι
1217 183 1290 250 309

49 348 202 412 fortassis
222 369 256 410 ea
275 350 323 412 die
341 351 470 412 nundum
489 351 575 432 plene
598 350 704 418 litteris
722 355 842 418 fuerunt
861 364 989 433 exarata,
1015 352 1062 418 rel
1076 375 1120 426 ,ex
1138 356 1282 437 praefecti

50 436 214 499 voluntate
227 435 402 500 Christianis
415 441 550 514 aduersa,
563 439 613 528 pel
630 445 743 516 undem
758 441 871 506 ierente
886 443 927 504 ita
940 441 1075 520 tumultu,
1093 465 1179 524 quem
1190 445 1281 526 longe

51 525 221 588 maximum
245 524 358 601 inisse,
384 528 536 607 sequentia
561 531 651 590 rerba
673 530 746 592 satis
763 531 931 592 luculenter
949 533 1085 610 produnt.
1129 533 1193 594 lam
1211 554 1280 606 reno

52 615 95 674 ad
110 611 290 674 Diocletiani
302 615 534 694 persecutionem
548 619 626 697 qaod
639 616 761 698 spectat,
776 619 925 699 proprium
939 629 1016 680 certe
1028 625 1116 698 atque
1129 620 1280 699 peculiare

54 700 172 762 malum
191 697 274 762 illins
298 711 376 774 erat,
402 706 477 782 quud
498 724 535 766 cx
553 705 736 785 imperatoris
754 705 901 768 vuluntate
926 726 1027 767 omnes
1045 706 1280 770 Christianorum

53 786 131 850 libri
147 789 236 850 ¹sacri
254 790 291 850 ad
310 789 441 852 flammas
466 791 596 853 studiose
622 792 733 854 fuerint
751 793 952 873 conquirendi.
997 793 1081 856 Putet
1101 793 1158 856 huc
1181 795 1279 876 ipsum

54 886 122 940 tum
150 896 187 938 ex
209 876 263 952 iis,
290 897 365 957 qnae
385 877 447 957 jam
470 899 507 940 ex
525 879 659 942 museum
682 880 918 958 absumimus,
944 889 1004 942 tum
1030 881 1115 942 etiam
1142 903 1180 944 ex
1203 883 1278 944 actis

54 971 230 1043 martyrum,
254 983 331 1044 quae
350 965 490 1045 deinceps
509 966 724 1046 adlegalrimus.
772 967 908 1030 Omnium
926 987 993 1029 reru
1008 966 1278 1032 luculentissimum

54 1062 104 1112 est
125 1051 156 1110 in
178 1051 256 1112 bauo
272 1071 333 1112 rem
353 1051 548 1114 testimouium
566 1054 734 1134 Augustini,
758 1056 806 1136 qui
827 1075 969 1136 expresse
985 1054 1165 1120 Diocletiani
1183 1077 1277 1120 uexa-

54 1140 169 1200 tionem
195 1138 324 1220 adpellat
347 1147 559 1219 perunctionom
579 1145 700 1204 codicum
719 1145 916 1206 tradendorum
941 1144 1053 1218 (contra
1071 1148 1161 1207 (irena.
1174 1151 1277 1206 Dona-

53 1234 117 1288 tiet.
138 1225 172 1301 3,
191 1227 265 1302 26).
311 1227 560 1304 Quemadmodum
592 1231 691 1310 itaque
719 1231 878 1310 Augustini
906 1230 1100 1292 testimouium
1126 1231 1277 1294 ueritatem

53 1313 171 1376 adserti
188 1313 279 1375 nostri
297 1313 479 1379 sufficienter
495 1319 672 1397 comprobat,
689 1317 728 1378 ita
745 1317 790 1382 rel
808 1318 914 1380 exinde
931 1338 1048 1398 qaoque
1064 1317 1118 1378 itta
1134 1319 1278 1397 cognosci

53 1411 174 1483 potest,
209 1403 284 1484 quod
310 1403 365 1464 bau
390 1407 585 1466 tantummodo
610 1405 814 1484 persecutione
839 1405 997 1486 imperator
1022 1404 1148 1484 publicis
1171 1405 1277 1468 litteris

52 1488 244 1551 traditionem
262 1489 393 1552 codicum
411 1511 561 1554 sacrorum
581 1493 776 1565 mandaverit,
801 1492 830 1554 id
847 1495 923 1573 quod
944 1491 1025 1552 nullo
1043 1493 1277 1556 antecedentium

52 1577 304 1658 persecutionum
317 1588 445 1658 tempore
462 1577 571 1641 iactum
588 1578 685 1640 luisse
701 1579 803 1658 paullo
819 1591 885 1642 aute
903 1579 1094 1640 ostendimus.

152 1665 188 1740 6)
206 1663 331 1726 Multum
350 1666 465 1728 omnino
483 1666 637 1728 interesset
653 1677 762 1740 nostra,
780 1667 807 1728 si
820 1688 858 1728 ex
866 1665 996 1728 Eusebio
1011 1674 1098 1746 atque
1110 1664 1283 1744 Lactantio,

50 1751 255 1831 scriptoribus
273 1751 361 1833 bajus
378 1755 442 1816 aevi
461 1754 587 1816 maxima
601 1754 659 1816 lide
675 1754 784 1833 dignis,
804 1756 966 1834 producere
983 1752 1149 1814 testimonia
1166 1772 1274 1834 posse-

51 1861 132 1919 mus,
154 1859 230 1919 qnae
249 1851 347 1920 aperte
366 1844 561 1918 ostenderent,
582 1841 727 1922 singulari
745 1843 880 1903 mandatu
897 1841 1114 1902 Diocletianum
1132 1839 1275 1904 librorum

53 1917 282 1989 christianoium
304 1929 532 1990 combustionem
552 1929 695 2010 jussisse.
740 1930 842 2010 Neque
861 1949 930 1990 uero
955 1939 1063 1988 temere
1086 1947 1142 1987 nos
1161 1927 1275 2008 aliquid

53 2019 197 2078 adserere
216 2017 393 2076 credendum
418 2027 471 2092 est,
496 2018 613 2097 quando
637 2015 883 2092 idadlirmamns.
928 2015 967 2078 Ut
990 2015 1066 2076 cuim
1085 2017 1120 2076 dc
1140 2035 1175 2076 co
1199 2015 1274 2076 nibil

54 2105 171 2176 dicam,
197 2105 273 2182 qnod
299 2123 317 2163 a
341 2103 470 2165 ueritatis
495 2103 683 2166 similitudine
705 2105 734 2164 id
754 2124 811 2164 non
836 2103 1008 2176 abhorreat,
1037 2101 1274 2183 quandoquidem

53 2189 213 2269 singulare
238 2210 350 2270 poenae
377 2211 474 2269 genus
499 2203 577 2268 erat,
610 2213 666 2272 qno
692 2191 777 2253 adfici
801 2192 945 2253 debebant
968 2191 1146 2266 Christiani,
1178 2189 1273 2252 edicto

53 2278 182 2360 speciali
207 2277 279 2338 illud
301 2279 397 2358 ipsum
417 2278 515 2340 luisse·
528 2278 793 2360 promulgandum
818 2278 962 2358 siquidem
988 2285 1015 2338 et
1032 2276 1141 2336 includi
1160 2286 1274 2354 poterat

54 2367 108 2428 alii
129 2376 157 2425 ct
176 2366 316 2446 conjungi
337 2387 401 2428 cum
420 2367 523 2445 poenis
540 2365 673 2446 reliquis,
699 2385 773 2445 qnae
791 2364 969 2442 infligendae
987 2363 1059 2443 ipsis
1076 2365 1111 2422 ad
1133 2361 1273 2442 principis

55 2466 159 2515 nutura
185 2464 276 2514 erant.
320 2453 409 2516 Salva
433 2465 526 2516 tarmen
545 2455 641 2515 adhuc
667 2463 711 2512 cst
734 2461 762 2512 et
779 2451 894 2530 integra
911 2471 958 2510 res
978 2461 1093 2526 nostra,
1119 2459 1273 2530 propterea

55 2544 134 2622 quod
153 2551 211 2602 tum
228 2541 293 2620 ipse
306 2541 455 2602 Eusebius
473 2542 515 2622 (Ιι.
534 2563 559 2601 e.
575 2537 605 2616 8,
623 2541 666 2620 2.)
683 2541 718 2600 de
734 2537 928 2617 imperatoriis
946 2537 1048 2600 ciliciis
1065 2537 1095 2598 in
1112 2534 1272 2617 pluralium

55 2649 178 2691 numero
199 2624 345 2705 loquatur,
366 2629 484 2690 dicens:
510 2612 638 2704 ἥπλωτο
656 2616 829 2706 πανταχόσε
850 2613 996 2707 βασιλικὰ
1015 2615 1187 2706 γράμματα,
1212 2634 1273 2686 tum

56 2728 85 2779 ct
103 2727 168 2778 acta
184 2735 209 2778 s.
227 2713 340 2777 Felicis
361 2717 450 2796 episc.
471 2707 695 2796 'Dubpzacensis
714 2713 770 2774 boc
789 2713 883 2792 ipsum
900 2713 1021 2773 disertis
1041 2712 1138 2772 uerbis
1157 2719 1271 2771 testen-

55 2818 115 2868 tur.
160 2803 204 2864 lta
228 2805 304 2864 enim
320 2805 429 2866 habent
443 2801 497 2863 illa
514 2803 543 2862 in
562 2799 732 2879 exemplari,
757 2802 832 2880 quod
851 2799 951 2879 Steph.
970 2799 1110 2859 Balnzius
1134 2799 1288 2871 (Minucii.-

57 2901 139 2955 rom.
155 2897 196 2953 tt.
215 2914 243 2972 p.
262 2889 330 2971 77.)
351 2889 447 2964 edidit,
467 2903 495 2951 et
512 2890 587 2949 inter
605 2898 781 2950 monumenta
796 2897 886 2948 uetera
903 2889 940 2946 ad
957 2891 1097 2946 Donatiat.
1117 2889 1273 2945 Historiam

54 2985 224 3060 pertinentia
240 2981 277 3040 ad
294 2982 393 3040 calcem
414 2984 512 3058 Optati
529 2981 627 3040 Milev.
655 2974 768 3054 repetiit
787 2975 836 3034 Du
851 2971 956 3032 Pinius
981 2994 1007 3051 p.
1028 2969 1103 3032 rto:
1128 2977 1163 3031 Ιιι
1179 2973 1273 3033 diebus

31 3141 34 3148 Ι
54 3072 125 3140 illie,
145 3070 318 3128 Diocletiana
333 3073 423 3138 octies,
439 3077 464 3126 et
482 3071 663 3128 Maximiano
678 3067 777 3142 septies
795 3065 871 3122 Daue.
889 3063 1037 3136 Augrrstic,
1056 3064 1142 3120 euicit
1156 3061 1272 3120 edictum

55 3157 202 3218 eorundem
220 3158 370 3216 Gaesarem
389 3157 432 3214 acl
447 3161 642 3232 imperatorum
659 3171 742 3228 super
759 3170 865 3210 enarrem
883 3150 984 3224 facicm
1000 3157 1100 3222 terrac,
1124 3155 1150 3204 et
1166 3166 1272 3224 propo·
1296 3191 1299 3194 -

54 3252 141 3306 eitam
159 3253 199 3302 est
221 3264 270 3321 per
285 3235 410 3314 colanias
426 3252 451 3302 ei
474 3247 598 3302 civitates
619 3239 790 3318 principibus
812 3245 838 3297 cd
861 3236 1086 3315 magistratibus,
1110 3254 1161 3294 stru
1178 3238 1273 3312 utrique

56 3338 126 3403 loca,
144 3340 172 3390 ut
189 3333 275 3390 libros
290 3329 401 3405 dmiicoe
415 3337 607 3408 eutorqrarent
619 3329 651 3386 de
666 3327 792 3386 manibus
803 3329 992 3403 episcoporum
1005 3333 1030 3384 ei
1045 3323 1272 3402 presbyterorum.

58 3425 340 3497 Tunu‘propramma
361 3423 480 3496 positum
506 3425 547 3476 est
574 3420 605 3476 in
630 3419 739 3476 civitate
763 3414 952 3486 'lbbpzucenri
977 3419 1032 3470 cet.
1078 3405 1274 3470 Consentiunt

56 3509 121 3568 lere
140 3520 203 3565 uum
229 3499 274 3566 nis
294 3506 393 3565 endem
415 3505 496 3576 Acta,
516 3521 534 3562 a
551 3501 666 3562 Tbeod.
683 3500 828 3562 Ruinarto
848 3521 875 3578 p.
893 3499 965 3559 355.
987 3496 1124 3568 exhibita,
1147 3496 1221 3556 adeo
1241 3504 1274 3554 ut

57 3593 147 3656 dnbio
166 3593 247 3654 lucus
263 3595 348 3654 haud
360 3590 552 3670 relinquatur,
576 3589 644 3668 quin
664 3586 809 3664 singulari
826 3584 1001 3652 Diocletiani
1021 3583 1114 3644 edicto
1131 3581 1273 3642 librorum
1360 3611 1367 3618 ·

58 3701 208 3743 sacrorum
232 3679 348 3740 traditio
372 3677 460 3738 luerit
483 3676 655 3752 efflagitata.
699 3675 860 3736 labebatur
886 3682 981 3732 antem
1002 3672 1057 3730 hoc
1077 3669 1142 3748 ipso
1167 3665 1271 3747 edicto,

59 3780 132 3832 teste
152 3769 283 3830 Eusebio
307 3767 329 3828 l.
346 3766 382 3826 l.:
410 3754 465 3836 τὰς
489 3755 607 3845 γραφὰς
631 3758 707 3841 πυρὶ
733 3755 863 3834 ἀφανεῖς
890 3756 1057 3839 γενέσθαι,
1090 3757 1167 3835 quod
1194 3765 1272 3816 certe
1327 3777 1332 3782 ·

58 3855 306 3938 ἐμφατικοτέρως
331 3853 439 3914 dictum
458 3851 667 3914 existimamus.
712 3847 760 3909 Uti
779 3846 854 3907 enirn
878 3835 914 3906 τὸ
933 3837 1092 3920 ἀφανίζειν
1109 3843 1272 3920 generatim

59 3941 207 4024 significat
224 3955 252 4006 et
270 3941 395 4022 proprie,
421 3943 456 4001 ab
475 3941 603 4018 adspecta
622 3957 767 4012 remouere,
791 3934 833 3996 ita
851 3943 878 3996 et
893 3934 1054 4011 perditionis
1069 3952 1095 3992 s.
1114 3933 1273 3992 abolitionis

59 4032 205 4094 notionem
230 4031 366 4092 sustinet.
405 4027 478 4089 Cum
496 4026 588 4103 igitur
608 4023 810 4084 Diocletianus
828 4019 954 4082 voluerit
968 4011 1097 4093 ἀφανεῖς
1113 4015 1272 4099 γενέσθαι,

59 4121 122 4182 sire
138 4112 346 4196 ἀφανίζεσθαι
361 4105 417 4185 τὰς
433 4101 567 4196 γραφὰς,
586 4110 747 4192 etquidem
766 4104 856 4189 napi,
876 4114 954 4188 patet
974 4105 1078 4166 exinde
1096 4105 1272 4179 luculenter,
1296 4132 1298 4138 ·

59 4225 119 4270 non
142 4217 250 4268 tautum
270 4201 495 4266 occultationem
514 4207 565 4262 aut
589 4197 777 4260 remotionem
796 4215 811 4256 e
828 4201 996 4276 conspeetu,
1022 4194 1072 4254 sed
1091 4193 1188 4272 potius
1206 4187 1273 4270 ple-

60 4296 171 4358 nariam
196 4291 384 4356 abolitionem
409 4289 456 4352 iric
475 4287 695 4366 intelligendam
715 4303 792 4346 esse.
836 4282 939 4364 Neque
960 4289 1069 4344 tantum
1089 4275 1272 4378 imperatoris

61 4384 195 4448 noluntas
220 4382 288 4452 huic
310 4375 540 4459 interpretationi
565 4373 661 4451 lavet,
681 4392 784 4436 rerum
808 4379 835 4432 et
854 4370 919 4452 ipsa
937 4369 1051 4452 praxis,
1077 4387 1137 4447 qna
1154 4365 1272 4426 codices
