2944 4890
203 149 273 244 ¹atto
358 147 365 166 “
635 176 743 244 ιιιιιι.
771 173 886 242 etse
903 177 1000 263 seyen

1451 265 1452 308 ι

208 355 266 418 bue
283 355 398 426 tandem
423 352 502 434 legis
521 353 705 418 autoritatem
723 312 861 432 obtinuit,
885 356 982 437 qnod
978 361 1038 417 usu
1052 361 1082 416 et
1105 353 1319 416 consuetudine
1336 363 1453 448 ιιιιιιι

204 439 400 506 invaluerat
391 461 421 504 ιιι
441 440 578 506 ecclesio.
625 444 657 504 in
675 443 820 524 Hispania
843 464 881 506 ne
903 443 1095 509 morientibus
1119 443 1246 524 quidem,
1272 441 1333 523 qni,
1358 404 1453 505 nete*

208 530 324 608 publice
344 529 531 609 poenitentia,
554 531 657 594 iisdem
676 531 899 613 inquinarentur
916 530 1100 607 criminibus,
1117 530 1351 593 subveniendum
1371 533 1419 591 de·

208 627 360 680 creuerant
375 619 405 695 3,
422 621 453 694 7,
468 618 512 682 47
529 619 792 681 ιιιιιι.ΕΙὶΙιιιιιιίιιί
811 639 951 697 canones,
968 641 1026 701 quo
1042 619 1129 681 etiarn
1145 618 1217 680 lacit
1232 615 1288 678 illa
1303 619 1421 700 episeo-

207 727 308 788 porum
326 707 468 787 synodus,
494 727 569 786 quae
586 715 653 788 poet
670 708 843 787 baptismum
862 708 991 788 grauiter
1009 705 1211 787 delinquentes
1227 707 1315 768 uredo
1334 705 1422 767 semel

207 796 246 856 ad
264 793 468 874 poenitentiam
485 795 606 872 ndnritti,
627 795 726 871 voluit,
744 796 830 877 cujus
847 795 986 858 Socrates
1003 794 1132 856 meminit
1147 793 1214 859 bist.
1232 792 1307 856 ecel.
1324 791 1355 870 6,
1375 796 1424 856 21.
1453 857 1454 866 ,

209 913 249 932 -··
265 883 295 967 ᾗ.
306 883 336 943 3.
356 880 504 942 Mirantur
520 881 661 963 profecto,
678 882 727 963 qui
744 883 851 946 veteris
868 882 1015 946 ecciesiae
1031 881 1258 944 eonsuetudines
1274 883 1313 943 ad
1330 879 1424 943 seculi

205 971 255 1032 eui
278 987 392 1044 mores,
416 981 552 1048 tanquam
576 973 612 1032 ad
637 991 785 1048 normam,
806 971 930 1052 exigunt
953 980 982 1033 et
1005 991 1023 1032 a
1048 969 1201 1033 chmstiani
1225 969 1337 1032 amoris
1359 969 1424 1048 lege

208 1057 338 1120 alienum
368 1055 499 1120 futuroru
523 1057 619 1120 fnisse
643 1057 829 1135 existimant,
860 1080 919 1120 non
945 1058 1097 1137 ignovisse
1124 1057 1291 1139 peccatori,
1322 1057 1424 1138 lapsus

208 1144 329 1206 secundi
355 1154 421 1224 post
446 1145 641 1226 poenitentiae
664 1155 839 1226 argumenta
867 1146 981 1209 reniam
1004 1146 1123 1226 petenti.
1170 1145 1271 1223 Quare
1296 1164 1365 1206 cum
1392 1147 1424 1206 ab
1454 1218 1455 1224 ἵ

208 1233 286 1294 omni
310 1229 384 1294 illud
405 1231 553 1314 lapsorum
569 1252 673 1314 genus
693 1254 766 1296 suae
792 1233 1007 1296 communionis
1035 1230 1368 1295 consortio.eeclesiarn
1395 1232 1422 1291 in
1454 1233 1455 1302 ζ

208 1330 357 1401 posterum
383 1331 558 1382 rernoturam
583 1321 679 1382 icisse
710 1322 881 1402 persuaderi
906 1321 962 1384 eibi
988 1323 1065 1384 band
1086 1319 1248 1400 patiantur,
1275 1319 1309 1379 iu
1325 1339 1423 1380 corum

209 1409 324 1470 tandem
344 1409 518 1470 sententiam
540 1411 714 1486 concedunt,
733 1411 782 1492 qui
804 1411 937 1471 secundo
955 1408 1144 1489 peccantibus
1162 1407 1343 1486 poenitentia
1365 1408 1424 1488 pri-

209 1508 276 1558 vata
303 1493 469 1558 consultum
495 1496 588 1559 luisse
614 1497 723 1559 dicunt.
768 1499 805 1558 nt
824 1517 911 1578 quam
936 1495 1099 1560 tolerabilis
1119 1497 1173 1556 bae
1195 1493 1309 1555 ratione
1327 1494 1425 1556 lutura

209 1583 315 1646 luisset
334 1603 443 1660 eornm,
469 1584 519 1666 qui
540 1585 662 1646 crimina
681 1583 926 1661 instauraverant,
951 1583 1088 1660 conditio,
1106 1583 1134 1666 si
1149 1582 1304 1644 luctuosos
1321 1583 1423 1664 poeni-

204 1669 317 1734 tentiae
340 1671 477 1751 publicai
501 1666 618 1734 iabores
636 1673 710 1734 adeo
727 1671 816 1734 facile
833 1671 964 1752 effugere
981 1680 1009 1732 et
1023 1671 1053 1731 in
1071 1670 1196 1750 gratiam
1215 1689 1280 1731 curn
1299 1669 1424 1732 ecclesia
1455 1665 1456 1674 ’

209 1758 305 1820 redire
324 1759 490 1838 potuissent
506 1759 588 1823 illins
606 1759 736 1842 privatae
756 1758 908 1837 beneficio,
927 1777 1013 1840 quam
1030 1761 1104 1820 dura
1123 1779 1159 1820 ex
1176 1760 1300 1820 adverso
1311 1768 1349 1818 et
1365 1757 1424 1819 fere

210 1848 299 1928 inqua
314 1844 431 1908 illorum
436 1847 567 1929 ,quibus
583 1847 672 1910 semel
693 1847 885 1928 peccantibus
902 1845 968 1908 siue
984 1845 1163 1928 poenitentia
1180 1844 1302 1927 publiea
1314 1845 1424 1907 reditus

210 1936 246 1996 ad
273 1935 430 1997 ecclesiam
463 1955 520 1995 non
545 1935 675 2029 patuit!
700 1935 787 1997 Certe
811 1955 896 1996 nenro
926 1953 1051 2037 unquam
1079 1943 1137 1996 tana
1163 1953 1265 1996 vecors
1287 1932 1363 2010 luit,
1397 1943 1425 1994 nt

151 2097 153 2107 ,
208 2019 352 2082 mitiorem
373 2041 527 2082 censuram
545 2015 792 2103 expertosfnisse
810 2021 925 2099 dixerit,
946 2022 995 2102 qni
1014 2023 1114 2083 eadem
1132 2040 1223 2101 saepe
1239 2029 1424 2101 patraverant
1456 2032 1457 2048 *

211 2108 370 2186 etquidem
388 2110 533 2170 borrenda
549 2109 700 2182 facinora,-
696 2131 795 2211 quam
813 2132 862 2212 qur
854 2069 1005 2172 seinel“
985 2129 1022 2170 ns
1040 2108 1169 2171 obstricti
1186 2107 1315 2172 fuerant.
1341 2103 1423 2170 Hanc

209 2194 395 2272 sententiam,
418 2205 451 2257 ut
467 2196 544 2258 omni
564 2196 744 2278 antiquitatis
768 2197 931 2259 testimonio
949 2195 1149 2258 destitutam
1137 2215 1198 2277 pana
1217 2195 1269 2256 diu
1285 2197 1422 2276 explose-

210 2291 279 2345 runt
303 2283 530 2388 graviorumque
557 2295 742 2366 peccatorum
766 2285 972 2366 poenitentiam
1003 2287 1039 2345 ab
1066 2283 1193 2346 ecclesia
1217 2286 1348 2345 secundo
1373 2303 1423 2345 nee

211 2368 329 2453 publice
349 2391 404 2433 nec
423 2372 552 2452 privatim
574 2375 669 2434 datam
688 2372 794 2450 luisse,
820 2373 955 2454 pluribus
975 2373 1138 2434 docuerunt
1155 2391 1192 2432 ex
1212 2371 1422 2432 recentioribus

213 2459 417 2539 antiquitatum
443 2460 588 2522 ecclesiae
616 2459 774 2541 scriptores
800 2460 891 2522 Gabr.
909 2459 1125 2540 Albaspinaens
1152 2458 1278 2521 Obserr
1293 2457 1326 2536 2,
1345 2461 1375 2522 5.
1399 2469 1423 2520 et

211 2548 257 2610 lo.
270 2545 407 2607 Mecinus
424 2549 628 2612 dendrninietr.
639 2570 760 2610 enmono.
772 2555 875 2629 poenit.
886 2544 917 2624 5,
932 2570 995 2628 enp.
1009 2549 1206 2608 27-29,
1225 2545 1254 2628 §.
1268 2547 1299 2607 4.
1323 2548 1458 2627 Neque

213 2634 298 2694 etiam
315 2634 397 2713 rigor
412 2632 473 2708 ille,
490 2656 574 2737 quem
592 2637 621 2696 in
639 2638 770 2697 seeundo
786 2635 945 2717 etquidem
962 2634 1117 2696 enormiter
1129 2644 1286 2716 peccantes
1301 2635 1424 2696 eeclesia

109 2765 112 2770 -
213 2721 354 2798 exercuit,
380 2723 417 2784 ab
437 2742 501 2784 aevu
508 2723 602 2784 rllrus
621 2723 778 2804 drscrplrna
798 2734 948 2804 tantopere
965 2722 1141 2785 abhorursse
1161 2723 1304 2784 dicendus
1324 2733 1377 2798 est,
1401 2721 1423 2782 si

210 2809 280 2890 quis
299 2809 396 2870 animo
412 2810 533 2892 repetat,
554 2831 613 2893 qua
629 2810 704 2872 alias
722 2812 879 2872 seueritate
895 2809 927 2871 in
944 2820 1114 2915 peccatores
1132 2809 1287 2891 plerosque
1305 2809 1424 2870 ranoni·

213 2899 269 2958 bus
286 2898 522 2962 animadversum
539 2898 637 2975 luerit,
654 2910 695 2976 ut,
714 2919 762 2980 qur
755 2898 868 2961 'semel
886 2900 971 2960 modo
988 2897 1110 2960 crimina
1122 2898 1175 2960 illa
1186 2898 1333 2978 graviora,
1352 2917 1424 2978 quae

213 2985 358 3047 canonica
380 2989 535 3057 vocabant,
558 2988 752 3062 incurrerent,
777 2997 828 3047 aut
851 2985 1056 3048 communione
1072 2979 1242 3050 ecclesiae'
1233 3006 1263 3046 ιιι
1279 2998 1425 3065 posterum

213 3069 301 3175 plane
320 3073 467 3154 prohibiti,
492 3084 543 3135 aut
564 3075 594 3134 in
612 3074 822 3154 poenitentium
841 3093 962 3135 numero
981 3073 1102 3136 assidue
1111 3076 1273 3176 degentes,
1292 3093 1352 3134 non
1370 3071 1424 3133 nisi

105 3215 112 3228 ,
207 3160 243 3222 *in
268 3159 325 3222 line
350 3161 554 3224 communione
581 3163 679 3224 donati
708 3161 834 3239 fuerint,
862 3171 896 3224 ut
916 3161 1117 3223 homicidae
1108 3182 1139 3222 ιιι
1164 3181 1246 3222 conc.
1271 3159 1425 3242 Aneyrauo

215 3267 280 3310 ean.
298 3248 368 3326 21„
400 3247 449 3330 qui
468 3248 546 3310 salso
570 3259 748 3311 accusarent
770 3249 895 3326 fratres,
919 3249 949 3310 in
968 3248 1141 3326 Valentino,
1164 3269 1231 3312 oen.
1251 3245 1302 3312 14.
1328 3257 1358 3309 et
1380 3247 1425 3329 qui

214 3335 363 3398 Christum
382 3347 533 3417 negarent,
557 3338 587 3398 in
604 3336 765 3399 Basilianis
784 3339 820 3399 ad
840 3335 1075 3417 Amplniloclniurn
1095 3337 1269 3412 canonibus,
1292 3355 1360 3398 can.
1376 3332 1423 3398 73.

213 3423 299 3501 Quae
317 3423 409 3501 igitur
425 3423 612 3505 poenitentia,
632 3445 708 3506 quae
725 3444 822 3504 poena
840 3425 954 3486 crimini
970 3425 1074 3486 iterato
1092 3445 1130 3488 ex
1146 3423 1361 3498 consuetudine
1377 3443 1423 3484 se·

214 3509 274 3574 oeli
292 3510 429 3573 sulficere
448 3513 582 3592 poterat‘l
627 3513 746 3574 Errorie
766 3522 862 3575 autern
882 3513 984 3574 morito
1006 3512 1232 3592 postularentur,
1257 3511 1307 3592 qni
1328 3511 1424 3572 eccle·

214 3600 288 3662 eiam
313 3605 364 3661 ant
388 3599 536 3662 crudelem
554 3609 604 3684 ant
624 3599 798 3678 haereseos,
826 3621 913 3682 quarn
932 3601 962 3661 in
978 3599 1120 3662 Montano
1138 3611 1167 3662 et
1182 3599 1346 3662 Nuratiauo
1364 3599 1424 3679 ipsa

216 3687 374 3759 damnarit,
391 3687 447 3749 hoo
463 3688 581 3750 nornine
597 3699 762 3769 suspectam
781 3688 874 3751 fuisse
891 3687 1030 3750 dicerent.
1058 3687 1145 3750 Certe
1157 3686 1313 3749 Noratiani
1325 3686 1425 3748 reniae

214 3776 387 3837 tribuendae
401 3786 573 3856 potestatem
591 3791 704 3838 omnem
722 3776 866 3838 ccclesiae
879 3775 1095 3857 'abjudicantee,
1112 3775 1276 3856 nequidem
1289 3777 1326 3836 ad
1341 3793 1424 3834 uuam

214 3863 411 3924 admittebant·
430 3875 498 3944 pos-t
523 3863 696 3945 baptismum
723 3862 826 3945 lapsos
850 3865 880 3925 in
900 3863 1021 3925 erimina
1039 3863 1255 3943 poenitentiam.
1299 3860 1337 3923 At
1360 3881 1424 3922 cero

211 3946 277 4025 illa,
294 3971 380 4030 quam
396 3952 601 4032 poenitentiam
620 3962 646 4014 et
665 3970 767 4032 pacem
785 3954 914 4031 negabat
930 3951 1065 4031 relapsis,
1083 3971 1145 4032 eam
1159 3951 1221 4031 jam
1238 3959 1307 4010 ante
1324 3947 1424 4010 iisdem

138 4050 141 4063 ¹
215 4035 377 4098 indulserat
390 4038 495 4118 lapsis.
514 4039 648 4101 Subinde
665 4059 798 4119 peceare,
815 4039 940 4100 subinde
957 4037 1142 4118 resipiscere,
1160 4037 1244 4100 valde
1260 4047 1424 4117 suspectum

210 4143 331 4202 semper
351 4124 407 4186 luit
427 4125 582 4188 ecelesiae.
627 4127 727 4204 Quare
744 4147 799 4188 neo
816 4126 893 4201 ideo,
913 4129 990 4208 quod
1006 4128 1080 4187 adeo
1097 4125 1200 4188 sancia
1217 4127 1346 4186 membra
1363 4135 1426 4186 tan·

125 4230 130 4238 ’
215 4213 280 4272 donn
304 4231 323 4272 a
347 4233 469 4292 corpore
486 4235 541 4276 nuo
560 4214 762 4294 amputaverit,
782 4213 911 4277 crudelis
930 4213 981 4275 illa
1002 4214 1116 4278 censeri
1134 4215 1229 4291 debet,
1252 4211 1339 4274 sicuti
1360 4231 1425 4272 eru-

216 4299 291 4361 delis
315 4317 372 4359 non
390 4310 445 4375 est,
466 4301 514 4380 qui
526 4302 590 4363 urit
607 4312 635 4364 et
650 4310 733 4364 secat
749 4303 890 4378 medicus,
907 4323 943 4364 ne
959 4322 1030 4382 pers
1048 4301 1164 4383 putrida
1179 4303 1340 4380 morboque
1356 4321 1425 4362 con-

215 4387 291 4450 iecta
313 4385 428 4467 reliqua
453 4389 586 4467 eorporis
608 4391 738 4452 membra
754 4389 924 4472 putredinis
943 4409 1022 4452 ¹strae
1047 4388 1222 4471 contagione
1247 4385 1369 4452 inficiet
1387 4419 1426 4434 -··
