2968 4896
222 206 304 320 ιιιΙ
588 247 735 342 mm.
777 245 870 314 ue.
887 243 1106 312 maurone*

222 429 311 505 salis,
335 427 366 490 iu
390 426 507 490 nornine
523 426 580 488 Dei
604 425 696 507 patris
720 423 939 506 omnipotentis,
965 432 994 486 et
1017 421 1051 485 lu¹
1070 421 1192 486 caritate
1206 417 1326 487 linniiui
1344 419 1429 481 nostri
1457 481 1458 502 2

145 555 153 576 ι
221 519 293 580 Jesu
307 515 427 592 Gbristi,
448 525 478 578 ct
490 514 521 575 in
537 514 642 576 virtute
659 511 788 595 Spiritus
804 512 837 574 S.
872 509 1240 593 Exereinuteperlleum
1260 509 1367 584 sirum,
1385 511 1458 589 per

221 606 316 668 Deum
335 625 443 681 rernm,
461 602 617 683 perDeunr
632 611 776 678 sanctum,
794 600 842 682 qni
859 610 886 662 te
903 603 939 662 ad
958 600 1077 662 tutelam
1093 598 1210 662 humaui
1226 597 1350 678 generis
1366 615 1431 676 pro-

222 691 347 767 crearit,
371 699 400 753 et
425 687 535 772 popolo
559 689 685 752 venienti
711 691 747 750 ad
772 687 972 750 credulitatem
992 707 1045 768 per
1061 707 1163 750 serras
1179 705 1251 748 enos
1268 684 1430 746 consecrari
1457 759 1458 772 χ

222 779 385 862 praecepit,
410 791 441 840 ut
468 780 499 839 in
517 778 769 840 annumerantes
785 776 942 858 Trinitatis
965 775 1103 838 alliciaris
1117 773 1251 840 salamae
1266 791 1431 834 samanun-

223 876 283 930 tum
301 870 336 928 ad
354 865 542 946 elingaudum
559 865 719 928 inimicum.
743 863 870 926 Proinde
883 883 1022 944 rogamus
1040 863 1430 937 te,1lominol)eusnnster,

223 963 256 1018 ut
270 955 348 1016 hauc
371 961 533 1016 creatarum
557 953 645 1026 salis,
674 963 705 1014 tu
721 951 845 1014 Domine
874 951 1084 1014 sanmificamlu
1107 949 1293 1026 sancturus,
1317 947 1431 1010 benedi·
1457 999 1458 1024 ,

135 1115 140 1136 ,
225 1045 317 1106 nendo
335 1043 508 1114 benedicas,
532 1049 564 1102 ut
585 1040 635 1102 liat
651 1040 786 1101 omnibus
803 1038 1014 1120 accipientibus
1030 1038 1159 1121 perfecta
1179 1038 1343 1110 medicina,
1369 1055 1430 1116 por-

191 1206 202 1215 „
224 1150 345 1194 manens
362 1128 392 1188 in
411 1128 574 1191 uisceribus
592 1149 701 1205 eornm,
726 1127 890 1190 innomine
908 1127 1023 1188 Domini
1043 1127 1136 1188 nostri
1154 1127 1226 1196 lesu
1242 1123 1364 1200 Christi,
1388 1121 1431 1202 qni

226 1223 370 1280 neuturus
384 1226 430 1277 est
443 1215 576 1297 judicare
592 1215 675 1278 siros
687 1221 715 1276 et
728 1225 867 1292 mortuos,
886 1225 913 1276 et
924 1213 1077 1277 saeculam
1090 1215 1265 1296 perignem,
1283 1211 1431 1286 tmen‘⁴*).

225 1303 304 1366 Hine
321 1314 427 1366 rursus
446 1303 628 1380 ceremoniae
653 1315 817 1383 sequnntur
833 1323 875 1364 uc
892 1303 1092 1383 precationes,
1117 1302 1223 1363 deiude
1238 1297 1431 1382 adjurationes

227 1391 335 1454 diaboli
346 1391 398 1469 **)‚
417 1390 542 1472 denique
557 1411 627 1452 noro
644 1390 683 1468 id,
701 1391 776 1470 quod
791 1388 906 1452 titulum
919 1391 1006 1468 perit,
1024 1389 1234 1468 „exorcismiss‘
1250 1387 1293 1448 ita
1309 1385 1430 1448 auditor:

226 1479 392 1558 „Exareizo
411 1489 438 1542 te
454 1478 601 1540 immunde
619 1477 760 1558 spiritus,
785 1477 816 1538 in
840 1477 1065 1540 nomiuePatris
1082 1487 1111 1538 et
1127 1477 1196 1538 Filii
1215 1486 1244 1538 et
1255 1473 1382 1555 Spiritus
1392 1471 1428 1546 S„

226 1578 258 1628 nt
274 1588 363 1630 excas
381 1579 408 1628 et
424 1569 547 1629 recedas
569 1568 608 1628 ab
632 1567 689 1628 bno
711 1565 821 1627 lamule
837 1566 893 1626 Dei
911 1567 947 1628 N.
970 1597 1015 1613 -
1038 1567 1106 1646 lpse
1130 1563 1207 1626 euin
1230 1564 1357 1644 imperat
1377 1557 1427 1632 tibi,

228 1655 389 1731 maledicte,
416 1657 550 1716 damnate
568 1666 596 1716 et
613 1656 786 1731 damnande,
810 1653 859 1736 qui
876 1653 966 1714 siccis
985 1653 1110 1734 pedibus
1130 1670 1222 1732 super
1237 1669 1319 1712 mare
1331 1649 1429 1710 'ambo-

227 1741 299 1805 larit
314 1751 345 1804 et
358 1743 445 1804 Petro
461 1765 526 1804 curn
545 1751 726 1823 mergeretur
743 1743 890 1804 dexteram
908 1741 1038 1821 porrexit
1048 1743 1136 1804 lesus
1150 1735 1431 1802 Christusllomiuus

227 1841 344 1907 austere
368 1829 417 1911 qui
442 1852 507 1893 cum
524 1831 611 1892 Patre
636 1840 664 1892 ct
680 1829 793 1910 Spiritu
810 1829 843 1892 S.
860 1829 931 1892 sirit
946 1839 975 1892 et
995 1828 1145 1910 regnatis
1164 1825 1288 1890 saecula
1304 1820 1429 1888 saeculo·

227 1939 300 1980 ιιιιιι.
324 1922 416 1980 buren
428 1916 501 1997 υ*).
1341 1983 1346 1997 Ι

311 2005 384 2066 Post
400 2003 576 2086 colloquium
594 2001 694 2064 nonies
718 2003 874 2082 deciesque
891 2021 957 2062 cum
982 1999 1099 2064 diabolo
1121 2001 1296 2084 repetitum,
1321 2013 1429 2082 quorum

229 2093 423 2172 quodcunque
446 2101 502 2153 ίιιιιι
521 2111 623 2170 param
641 2089 789 2151 ab'altero
807 2089 920 2167 differt,
944 2101 977 2150 ut
999 2089 1133 2171 exempla
1152 2109 1220 2152 mcx
1245 2089 1334 2152 citata
1349 2085 1429 2146 instar

229 2178 358 2240 ιιιιιὶιιιιι
375 2194 442 2240 esse
459 2179 584 2260 possint,
603 2177 737 2260 baptismi
755 2177 908 2240 lacessunt
923 2177 1037 2240 initium
1048 2181 1095 2258 †).
1107 2209 1146 2226 ·-
1166 2176 1194 2259 ξ.
1213 2177 1264 2240 10.
1285 2175 1336 2238 Sic
1351 2171 1429 2249 igitur

129 2264 132 2270 ’
230 2269 264 2327 de
282 2267 444 2328 exorcismo
462 2266 622 2328 doctrinam
641 2263 794 2346 perplura
819 2265 939 2328 saecula
956 2265 1119 2344 persecuti,
1145 2275 1279 2346 tempora
1303 2264 1428 2341 adparere
1457 2291 1458 2304 ι

229 2353 363 2416 ridemus
388 2353 628 2418 deformationis.
671 2353 756 2431 Quae
782 2359 917 2436 quantam
948 2353 1054 2414 iecerit
1085 2352 1232 2414 ccclesiae
1256 2349 1427 2414 mutationem
1457 2319 1458 2388 l

218 2454 425 2524 ‘quantamque
450 2443 500 2504 toti
518 2441 621 2522 generi
637 2439 779 2518 hnmano,
803 2441 851 2504 vel
868 2441 1020 2502 catholicis
1045 2441 1138 2522 ipsis,
1161 2441 1292 2502 attulerit
1308 2434 1427 2504 salutem,

228 2530 276 2591 bic
293 2531 407 2610 quidem
426 2527 576 2610 sigillatim
594 2531 853 2592 describentium
871 2539 915 2591 est
937 2528 1033 2592 locus.
1072 2529 1131 2591 Sed
1157 2528 1313 2592 videamus
1329 2522 1429 2585 salon·
1457 2599 1458 2606 ἵ

229 2619 325 2693 nodo,
343 2618 411 2696 qaid
422 2617 655 2680 Reformatorem
673 2613 784 2698 prinus
796 2618 873 2680 inter
890 2635 1000 2698 cosque
1016 2617 1163 2680 maximus
1181 2619 1216 2680 de
1234 2618 1295 2679 ritu
1310 2603 1428 2676 sensato

229 2724 315 2786 quem
332 2703 430 2766 insius
447 2725 565 2768 narrare
584 2705 745 2786 coepimus.
1353 2757 1358 2762 .

315 2789 506 2869 Momentum,
529 2795 605 2874 quod
622 2792 764 2854 adscribit
779 2813 869 2872 grave
885 2789 1074 2854 Lutberns
1093 2791 1231 2873 baptismi
1248 2791 1428 2854 sacramento,

229 2879 332 2942 lenitas
349 2891 525 2962 autemnon
543 2881 641 2942 alerici
660 2883 840 2961 peragebant
855 2881 1059 2960 habebantque
1075 2878 1148 2950 illud
1166 2879 1247 2958 laici,
1264 2870 1429 2962 p‘raesortibn

228 2985 316 3048 quum
330 2968 449 3048 linguae
467 2968 594 3049 impuniti
612 2973 715 3030 essem
731 2968 848 3044 latinae,
865 2988 940 3039 eun,
953 2967 1117 3030 ntRituale
1131 2968 1427 3048 baptisuil'comandm

228 3053 352 3134 liuguae
367 3057 544 3118 vernaculae
560 3059 704 3134 redderet,
724 3062 884 3117 moverunt.
911 3055 1028 3118 botrum
1044 3067 1090 3117 est
1106 3056 1286 3136 Viteltergae
1302 3073 1329 3114 a.
1348 3043 1428 3110 1523.

118 3222 126 3233 x
228 3143 339 3206 Omnes
350 3143 542 3218 ceremoniae,
552 3141 831 3223 ennepiaallataesine
841 3143 998 3204 mutatione
1007 3142 1037 3203 io
1049 3164 1082 3204 eo
1093 3145 1296 3225 reperiuntnr3
1310 3131 1428 3202 exercis-

231 3251 296 3292 anus
309 3232 400 3309 igitar
412 3233 557 3305 ntundnan,
574 3229 616 3291 ita
631 3239 659 3292 et
673 3231 775 3310 major.
795 3230 857 3293 Cur
874 3241 969 3292 autern
985 3230 1015 3291 id
1032 3229 1145 3312 fecerit,
1161 3231 1212 3293 illo
1229 3231 1296 3314 ipso
1311 3228 1340 3289 iu
1355 3221 1428 3288 born

228 3317 276 3380 iris
300 3317 400 3378 verbis
426 3316 577 3394 exprimit:
611 3318 689 3394 „icb
713 3319 788 3379 habe
814 3320 886 3380 aber
908 3319 984 3379 uach
1008 3317 1105 3383 nichts
1127 3320 1313 3382 sonnerttets
1339 3305 1428 3373 noller

229 3407 392 3468 emendem
410 3404 448 3465 im
467 3403 705 3478 Tambia-blein,
730 3405 840 3467 wien-l
864 3405 910 3484 iob
935 3407 1033 3468 leidon
1057 3407 1169 3484 uicit,
1196 3427 1228 3470 es
1248 3414 1324 3469 nttre
1339 3401 1428 3460 casser

230 3497 347 3572 garriet,
375 3495 452 3554 deun
476 3513 508 3554 es
532 3493 607 3554 anch
632 3491 805 3572 unfleissige
824 3492 948 3556 Meister
966 3494 1092 3574 gehabt,
1117 3495 1163 3556 die
1182 3497 1234 3558 der
1252 3489 1335 3558 Taui
1348 3484 1427 3546 Herr-

229 3579 351 3642 licblneit
375 3582 455 3642 nirbt
476 3600 640 3659 genuasam
666 3583 817 3660 bewogen.
861 3582 941 3644 noer
965 3583 1012 3642 die
1037 3581 1211 3650 srlruaclten
1231 3579 1377 3645 Gewissen
1395 3582 1425 3629 ab

231 3668 371 3744 scheonn,
397 3669 457 3730 lass
474 3667 521 3728 ich
538 3667 597 3730 inst
612 3689 645 3730 so
664 3667 790 3743 bleihen,
815 3671 885 3731 dass
902 3669 947 3732 sie
964 3668 1044 3732 nicht
1059 3669 1187 3748 lalageo,
1213 3667 1262 3732 ich
1279 3661 1360 3730 nollo
1372 3651 1426 3735 tilii

229 3777 305 3818 uene
324 3757 422 3818 Taule
439 3755 598 3830 einsetncn,
622 3758 682 3818 und
701 3757 748 3817 die
765 3755 866 3818 bichor
882 3755 996 3837 getauit
1011 3756 1088 3832 sind,
1113 3757 1220 3835 tedelu,
1242 3757 1287 3819 als
1303 3751 1346 3814 die
1360 3732 1428 3809 nm

230 3845 312 3904 rerbt
336 3843 448 3922 getault
472 3849 600 3911 warena
642 3841 802 3906 Lutberunr
828 3859 901 3924 ergo
925 3845 1048 3925 tempori
1072 3845 1223 3928 sapienter
1245 3837 1375 3910 serviisse
1394 3823 1424 3925 ll

229 3929 493 4018 'itiqueSalvatoris
509 3943 596 4016 atquo
612 3931 810 4014 apostolurum
824 3931 935 4012 optime
951 3942 1083 3994 seculum
1102 3953 1170 3996 esse
1187 3929 1355 4012 exemplum,
1371 3923 1425 3997 i¹¹¹⁸
1457 3929 1458 3976 l

232 4037 292 4091 non
308 4017 409 4080 ridet'l
441 4011 500 4082 Sed
522 4019 553 4082 in
578 4015 660 4082 illurn
677 4039 793 4102 quoquo
809 4017 903 4082 virum
920 4015 1004 4084 iidem
1023 4019 1053 4082 iu
1072 4018 1182 4084 diaboli
1204 4019 1363 4088 bominum,
1384 3998 1424 4062 lli

232 4161 454 4176 ““““·“““
1162 4142 1167 4150 ’
1457 4137 1458 4222 l

303 4252 555 4391 ιιιιιιι.

302 4389 356 4446 mr
380 4407 406 4460 p·
426 4392 459 4447 78
477 4399 505 4445 el
522 4394 565 4448 79.
813 4379 817 4384 .
1457 4421 1458 4502 p

303 4462 337 4531 r)
356 4461 446 4544 nto.
