2944 4898
173 253 217 321 ιι
520 329 528 344 „
600 247 709 319 ιιιιιιι
751 249 779 317 ι.
796 247 834 318 c.
850 247 959 318 worm

81 458 86 486 ··
141 486 144 496 .
174 432 252 514 apud
270 448 371 492 omnes
387 437 432 491 est
446 427 476 489 in
492 427 644 504 confesso,
661 437 689 491 et
705 428 843 490 maiorem
861 447 927 489 mox
943 425 1130 488 nanciscetur
1145 423 1240 502 tidem,
1259 423 1284 484 si
1300 425 1388 486 modo

161 523 211 582 ‘de
229 516 372 580 vocabulo
390 505 581 595 ὑιὶνήσαντες
598 519 755 598 quidquam
771 537 836 578 cum
853 514 1016 595 generatim
1032 523 1091 574 tum
1109 511 1261 592 speciatim
1279 513 1387 574 obser·

173 605 350 670 venerimus.
391 603 558 666 Generatim
576 606 768 685 expendenda
784 613 827 666 est
842 597 1085 664 buiusrocahuli
1103 599 1198 678 origo,
1217 601 1252 660 de
1271 619 1329 680 qua
1345 599 1389 660 ita

175 693 294 756 disserit
324 691 358 754 C.
389 689 707 769 Sagittarium:
750 693 834 770 Apud
859 693 990 752 Paoelaca
1014 695 1045 749 io
1069 685 1297 762 annecterentur,
1329 693 1389 748 cicc

174 787 267 868 police
283 786 312 841 ia
329 769 464 856 decerptis
478 783 538 836 ciras
553 781 628 857 cprcd
641 781 768 838 Plaotirrm
784 781 870 855 lepus,
886 779 941 838 dici
956 763 1061 851 dacco,
1078 781 1143 855 quio
1159 781 1196 835 cit
1212 763 1389 852 ὑπόμνησις

172 861 576 939 ιιίιιιιιιιιιιιιιιιιοιιιιίοιινιιιιι,
594 865 928 944 quce'eelebroctcc3·ecd
942 867 1034 925 corias
1049 872 1088 922 eat
1102 872 1217 936 emmau,
1234 863 1306 942 qicpd
1320 863 1390 921 arob-

137 993 142 998 -
174 961 271 1031 iunpit,
299 958 340 1011 otc
357 952 411 1010 dici
425 939 487 1008 ἀπὸ
504 947 561 1009 τοῦ
577 937 674 1026 iidecoq
700 947 940 1030 qaod'ttesyclaiae
955 956 1152 1027 interpretatur
1168 939 1262 1024 c'a'deoc,
1279 945 1390 1028 λέγειν.

175 1040 382 1116 Quaecunque
393 1043 488 1095 autem
508 1036 587 1096 cocis
604 1037 691 1116 lmjns
707 1037 745 1097 sit
762 1036 856 1116 origo,
877 1036 972 1114 magis
989 1035 1134 1107 conducit,
1158 1033 1314 1115 inquirere,
1325 1055 1391 1113 ‘quo

118 1192 122 1198 ,
175 1144 266 1200 seusu
284 1133 398 1184 veteres
417 1139 453 1181 ea
470 1119 516 1182 usi
534 1121 618 1183 sinti
652 1121 835 1185 Vocabulum
856 1121 912 1183 hoc
933 1122 964 1181 in
981 1123 1071 1180 rebus
1094 1121 1179 1182 etiam
1198 1121 1264 1182 rnali
1283 1119 1391 1181 ominis

173 1229 230 1272 uec
252 1209 339 1270 laude
363 1207 462 1286 dignis
484 1207 627 1268 interdum
652 1228 670 1268 a
692 1208 840 1270 veteribus
865 1207 985 1285 tragicis
1010 1207 1179 1286 adhibetur,
1211 1207 1269 1267 imo
1294 1195 1393 1283 ὕμνος

175 1301 211 1360 dc
229 1295 389 1376 vituperio,
413 1313 471 1354 non
488 1292 591 1366 lande,
615 1294 734 1372 dicitur,
756 1294 800 1355 uti
817 1294 876 1356 tta.
894 1291 1216 1374 Spanbcnrius**)
1234 1305 1261 1354 et
1278 1294 1392 1356 Corn.

174 1379 376 1457 adamim)
396 1383 607 1455 obsecrarunt3
631 1376 662 1440 iu
679 1378 715 1442 N.
735 1382 774 1442 Τ.
785 1391 887 1454 ,tannen
904 1377 934 1440 in
959 1381 1062 1454 bonam
1079 1388 1189 1458 partem
1207 1387 1317 1441 tantum
1336 1399 1393 1441 su-

174 1470 271 1534 mitur.
314 1467 469 1548 Objectum
486 1467 549 1528 eius
566 1469 652 1528 debet
668 1485 737 1528 csse
754 1467 834 1544 laus,
860 1488 917 1527 non
935 1485 1141 1546 unaquaeque,
1166 1467 1217 1526 sed
1236 1466 1390 1546 speciatim

174 1557 242 1632 Dei,
259 1555 301 1618 uti
319 1552 610 1629 dacecjaartatas‘c.
628 1553 918 1632 Sagittarius†)
936 1551 1133 1614 exhrnmouio
1152 1561 1237 1633 atque
1255 1552 1391 1628 Arriano,

11 1637 13 1646 ¹
57 1679 61 1688 ι
174 1645 307 1724 haecque
325 1645 457 1704 canendo
482 1640 599 1704 recitari
624 1643 728 1717 debet,
753 1641 892 1722 quantia
916 1660 976 1701 rem
1000 1637 1103 1700 scribit
1118 1638 1393 1720 Augustinus††):

174 1735 269 1807 baereat
284 1733 382 1792 luades
403 1739 468 1790 errat
485 1735 539 1790 Dei
560 1749 621 1790 conc
643 1735 761 1791 cantico.
800 1734 862 1790 Etsi
877 1734 914 1790 eit
930 1730 997 1788 locs
1012 1737 1037 1788 et
1053 1747 1108 1788 coa
1129 1731 1166 1786 eit
1185 1731 1253 1802 lici,
1278 1747 1333 1788 aon
1350 1737 1394 1787 cst

175 1823 311 1894 itamaros:
329 1824 355 1878 si
370 1824 408 1878 cit
425 1820 489 1877 locs
505 1827 532 1876 et
549 1822 601 1876 Dei
618 1819 683 1876 letes
697 1826 722 1876 ct
737 1837 793 1876 noa
810 1825 942 1889 cantetur,
960 1836 1016 1874 non
1033 1824 1074 1874 cot
1089 1815 1215 1886 tramam.
1238 1811 1313 1874 'l'ria
1328 1811 1392 1892 igt-

176 1915 223 1966 tcr
240 1906 363 1985 hymnus
381 1892 663 1979 requirit,*nimirmn
676 1910 708 1960 ut
723 1901 761 1961 sit
777 1901 883 1976 cantio,
900 1918 936 1961 ac
947 1899 1062 1979 quidem
1074 1897 1210 1976 laudans,
1228 1918 1284 1960 non
1298 1920 1391 1980 quas—

175 1991 236 2062 vis,
262 1991 314 2050 sud
331 1987 445 2048 divinas
461 1995 571 2048 tantuna
590 1985 742 2046 continens
758 1984 874 2046 laudes.
912 1986 1058 2065 Hymnum
1077 1985 1188 2066 priruus
1205 1986 1392 2066 excogitasse

100 2105 104 2110 ,
176 2073 305 2136 creditur
320 2073 508 2134 Stesichorus
526 2071 711 2147 Himeraeus,
727 2081 760 2133 ut
776 2083 819 2134 est
836 2075 913 2152 apud
932 2071 1161 2136 Clementem
1172 2073 1249 2150 †††)
1267 2085 1295 2134 et
1310 2077 1392 2154 apud

175 2161 252 2223 Euo
264 2182 279 2220 u
289 2161 306 2220 b
316 2159 325 2219 i
337 2180 356 2220 ιι
366 2180 392 2220 ιιι
403 2159 454 2233 †*)
471 2156 616 2240 legimus:
635 2165 666 2220 ιἰι
682 2166 772 2222 Ponto
787 2171 918 2238 percurato
930 2163 1008 2233 seco,
1025 2182 1095 2240 quae
1111 2163 1233 2240 qacalcra
1247 2168 1322 2222 uocis
1337 2181 1392 2222 ec:-

108 2257 113 2266 '
175 2250 443 2326 cellentic‘primma
460 2253 560 2325 reperit
582 2252 701 2318 nt'eccm,
726 2254 848 2309 cornutae
863 2249 1002 2326 puapendi
1018 2250 1156 2323 baernam.
1193 2246 1253 2308 Sed
1272 2268 1328 2309 non
1345 2259 1395 2309 est

176 2333 314 2408 dubium,
339 2333 412 2413 quin.
433 2331 478 2400 lais
496 2333 585 2410 longe
610 2333 755 2406 uetustior
774 2334 813 2396 sit
828 2335 999 2416 hymnorum
1026 2335 1128 2414 origo,
1155 2355 1243 2414 quum
1261 2342 1392 2416 tempure
1463 2411 1464 2414 Ἴ

175 2420 273 2484 Musis
290 2440 341 2481 eos
358 2420 387 2480 in
405 2439 462 2483 usu
478 2418 570 2480 fuisse
587 2429 686 2480 notum
704 2420 752 2483 sit.
791 2421 828 2482 Et
844 2421 980 2484 fortassis
1004 2421 1061 2484 iam
1077 2431 1144 2484 ante
1161 2419 1301 2484 alilueium
1320 2436 1392 2484 eos·

51 2579 55 2588 ,
111 2575 114 2580 ,
176 2510 241 2570 dem
257 2517 444 2586 usurparunt.
475 2506 567 2568 Extra
584 2507 810 2570 controversiam
828 2510 953 2588 positum
971 2521 1016 2572 est
1031 2511 1106 2590 apud
1124 2529 1234 2587 munes,
1252 2519 1395 2593 quotquot

175 2593 332 2655 affectuum
356 2592 484 2654 indolem
515 2603 696 2673 perspectam
728 2593 837 2656 bahent
868 2606 954 2676 atque
981 2596 1175 2677 exploratam,
1207 2616 1262 2674 nus
1287 2608 1394 2678 natura
1462 2613 1463 2624 ¹

174 2699 283 2760 pronos
299 2699 365 2740 csse
382 2681 419 2740 ad
436 2678 483 2752 id,
506 2682 582 2760 quod
607 2681 787 2760 praestantia
804 2702 840 2744 ao
856 2682 997 2762 dignitate
1020 2697 1076 2746 sua
1092 2704 1146 2746 uos
1163 2693 1274 2760 moret,
1298 2703 1390 2765 prae-

99 2827 103 2836 ,
174 2765 272 2830 sertim
292 2765 316 2836 si
335 2765 438 2827 relatio
456 2765 520 2828 eius
534 2769 677 2848 quaedam
693 2771 731 2830 acl
749 2789 806 2830 nos
822 2771 951 2845 accedat,
969 2769 1048 2850 cultu
1063 2790 1098 2832 ac
1115 2769 1301 2834 veneratione
1317 2792 1391 2852 pro·
1456 2847 1459 2852 1

174 2855 357 2934 sequendum
380 2852 494 2935 hocque
521 2874 629 2933 nragna
654 2863 795 2936 exparte
821 2857 938 2919 nonnisi
963 2849 1123 2940 dofioloylp
1154 2857 1266 2920 absolvi
1291 2878 1392 2939 posse·

175 2941 274 3018 Quum
292 2950 387 3003 autem
404 2942 488 3003 Deus
505 2941 678 3004 mortalibus
701 2963 816 3024 semper
832 2963 901 3006 sese
922 2944 1134 3024 benignissime
1153 2945 1392 3025 manifestaverit,

175 3037 204 3090 et
220 3031 321 3109 quoad
332 3047 415 3092 suam
434 3027 617 3092 existentiam
634 3041 661 3094 et
678 3033 774 3110 quoad
790 3051 874 3094 suam
891 3032 1026 3110 gloriam,
1048 3031 1203 3094 benitatem
1221 3052 1256 3094 ac
1273 3031 1391 3094 miscri-
1459 3027 1461 3044 ¹

174 3115 319 3190 cordiam,
345 3135 397 3194 per
413 3135 599 3195 consequens
624 3127 781 3196 numquam
798 3118 919 3178 materia
935 3119 1106 3198 hymnorum
1130 3118 1275 3184 deluerit:
1301 3118 1390 3182 etiam

173 3199 306 3260 homines
326 3199 476 3266 cantiones
500 3211 610 3279 partem
627 3198 832 3264 cultusdivini
858 3204 969 3264 externi
995 3225 1111 3286 semper
1134 3205 1338 3270 constituerint
1363 3217 1393 3272 et

108 3291 113 3299 '
173 3285 235 3348 sole
252 3284 412 3346 meridiano
430 3285 539 3346 clarius
555 3287 609 3362 sit,
635 3303 687 3348 eas
712 3289 749 3348 ad
766 3288 880 3350 animos
898 3296 1122 3356 commonendos
1141 3293 1261 3358 multum
1279 3293 1391 3374 calore,

140 3409 143 3416 ,
174 3371 242 3450 quis
258 3389 368 3448 quaeso
385 3371 481 3430 adhuc
498 3371 657 3447 dubitaret,
681 3374 841 3438 earrninuur
859 3388 1010 3442 sacrorum
1028 3402 1114 3444 usum
1134 3400 1203 3460 esse
1221 3381 1391 3444 vetustissi-

173 3456 277 3520 mum't
311 3456 452 3518 Homines
469 3460 592 3520 sancad
610 3463 772 3524 canendum
790 3475 818 3526 et
834 3486 885 3546 por
902 3479 1035 3530 naturam
1054 3471 1200 3540 ducuntur
1216 3479 1243 3532 et
1259 3489 1277 3532 a
1293 3469 1390 3532 brutis

173 3541 370 3622 animantibus
394 3543 563 3608 incitantur.
600 3545 761 3611 Potuerunt
778 3572 909 3633 quoque,
932 3555 1056 3618 simulac
1074 3555 1203 3634 existere
1220 3569 1390 3638 coeperunt,

174 3648 290 3712 cancre,
306 3641 338 3692 ut
354 3634 427 3694 adeo
444 3653 481 3694 ex
497 3632 544 3694 bis
561 3631 687 3715 aliisque
704 3639 861 3702 momentis
873 3641 913 3704 sit
930 3642 1138 3722 colligendum,
1165 3663 1216 3705 cos
1233 3645 1298 3706 suis
1315 3666 1390 3720 can-

173 3715 271 3780 tilenis
287 3739 392 3784 nomen
410 3720 465 3783 nei
482 3721 658 3797 celebrasse,
674 3719 744 3785 licet
760 3736 827 3788 ante
845 3737 974 3810 tempora
992 3731 1087 3792 Mosis
1105 3732 1272 3814 exitumque
1290 3731 1391 3796 lsrae-

172 3801 290 3870 litarum
307 3828 345 3870 ex
362 3810 495 3890 Aegypte
518 3809 649 3872 musicae
666 3810 697 3872 in
718 3811 835 3877 laudem
852 3815 908 3880 met
930 3815 1078 3884 adhibitae
1101 3818 1249 3904 nullaliat
1270 3821 1390 3887 mentio.

171 3929 396 3952 ——u--uu—

241 4005 268 4064 *l
290 4013 381 4062 Horon.
398 4027 472 4076 pasc.
490 4015 554 4061 Jesrc
570 4004 596 4078 2,
618 4013 642 4065 l.
654 4030 688 4080 ·p.
707 4016 768 4069 3⁰6.

241 4069 287 4142 **)
307 4079 532 4133 Adsentiamur.
552 4081 576 4132 1.
598 4097 624 4148 p.
640 4082 682 4135 ttt.

241 4141 430 4228 *ilbodum
445 4147 539 4212 philol.
555 4149 632 4204 theol,
653 4167 678 4218 p.
699 4151 746 4204 171
767 4145 827 4221 sq.'

192 4317 197 4328 .
240 4211 432 4346 Ricimere?
449 4283 477 4332 in
494 4283 536 4336 Pu.
557 4284 599 4341 72.

240 4347 317 4413 †††)
337 4352 383 4406 ab.
403 4351 428 4404 l.
449 4360 566 4412 mactat.

238 4413 298 4488 †')·
310 4421 356 4478 tm.
376 4421 401 4474 1.
420 4438 550 4490 praepar.
568 4423 688 4492 evangel.
