2944 4898
19 85 21 170 l

19 187 21 276 i
61 247 69 254 ·
337 245 375 307 de
390 241 555 349 primitivae
570 235 919 310 ecstoimo'toctonttns.
1191 239 1236 308 fl

18 377 165 486 ‘natrices
180 419 304 482 reddet:
332 426 375 481 Do
390 380 493 484 diuinis
507 425 676 497 amonitae,
692 425 765 504 quod
780 422 1079 485 Donriauoudmonem
1094 419 1237 497 dimotus,
1340 485 1345 494 ,

20 516 119 574 intenti
137 511 241 582 oudin,
257 510 372 585 fruma,
389 511 553 590 illudente,
575 532 620 572 me
632 517 817 574 ministrante.
851 516 979 572 anom
993 511 1134 570 lentium
1148 507 1237 567 uadi-

18 607 110 662 timue
128 597 280 679 Apostoli:
302 594 398 658 fidelis
413 617 510 660 sermo
527 607 555 659 et
570 599 647 660 oanni
670 599 841 680 aeooptiouo
857 597 965 678 diguus
981 605 1037 659 eto.
1063 629 1102 644 -
1129 599 1189 654 ttoo
1203 593 1238 654 do

20 689 177 767 apostatam
193 689 308 746 tutuno
321 691 500 766 perceptam.
525 689 630 749 ande
640 695 814 750 oontuotmue
829 689 977 766 psalmom,
992 686 1169 745 aubedoatea
1183 701 1237 742 noa

19 782 214 836 tennemonn
229 791 302 849 otono,
324 793 380 834 uoe
396 776 476 836 nonde
491 777 609 836 dicmiea
620 797 648 836 :-
661 773 773 850 Venite,
798 776 954 836 adoremus
973 781 1002 834 et
1018 777 1237 851 prosternamur

22 863 45 924 ei
61 873 125 923 eto.
164 867 234 922 Post
256 863 325 921 bueo
345 865 502 941 ooonpclioo
517 866 595 924 leutio
612 865 701 924 decom
716 867 839 943 leproaon
854 863 1001 923 mundatae
1014 859 1094 920 notio
1108 857 1236 918 ooundit.

20 981 55 996 -
78 956 149 1011 Han
162 959 220 1010 tren
235 949 362 1009 tortiones
377 961 511 1030 qnantum
525 971 578 1031 pro
593 961 712 1032 tompore
726 971 873 1031 poscumus
888 957 1095 1030 pmmmomtm,
1118 945 1238 1005 dioontaa

17 1038 164 1118 ponende
177 1037 299 1113 ninpuiio
315 1046 343 1096 ot
357 1047 490 1116 quonium
505 1045 603 1101 oonori
619 1059 782 1118 peccamen,
806 1041 956 1117 odp'uoome
970 1039 1108 1110 mnino,
1133 1051 1189 1092 oon
1204 1037 1237 1092 in

19 1129 124 1204 oliano
143 1143 243 1186 eorum
266 1128 307 1184 aio
327 1129 523 1205 inamoenum,
552 1137 584 1187 ut
608 1130 674 1189 oliio
696 1129 803 1188 domiuo
825 1127 1048 1207 impedimentum
1071 1121 1235 1198 offeramus.

16 1211 126 1274 ¹¹Paoeo
142 1211 230 1291 plura
247 1208 306 1272 alia
321 1209 411 1292 trojus
428 1222 456 1273 at
472 1213 595 1275 aliorum
611 1216 760 1276 doctoratu
777 1213 854 1278 loca.

107 1297 255 1378 Quamuis
271 1307 367 1360 autern
384 1299 485 1381 primis
500 1299 612 1364 seculis
628 1301 788 1364 lectoribus
805 1297 985 1383 competierit
999 1294 1118 1378 publice
1134 1293 1239 1372 legere
1327 1323 1332 1332 ·

22 1407 139 1450 sacrum
156 1385 304 1481 ominem,
314 1386 478 1468 insequenti
494 1397 591 1451 tamen
608 1399 736 1470 tompore
752 1389 783 1450 in
800 1391 974 1470 quibusdam
987 1383 1123 1448 ecclesiia
1140 1381 1239 1462 najo-

24 1496 63 1536 ras
82 1493 208 1556 quoquo
226 1473 345 1542 ordines
362 1474 515 1538 lectionem
533 1481 723 1559 peragebant,
747 1485 821 1539 teste
836 1478 1001 1539 Sonomeno
1017 1472 1100 1552 (bist.
1117 1468 1190 1534 eccl.
1204 1466 1237 1540 7,

26 1566 79 1641 nt).
109 1560 302 1642 Nicephorns
321 1561 463 1625 Callistus
481 1563 547 1645 (12,
565 1566 620 1645 34)
637 1564 717 1626 bauo
734 1585 842 1627 morem
858 1565 954 1626 adbuc
970 1581 1027 1624 sua
1042 1566 1136 1622 aetatu
1151 1573 1237 1616 nau-
1307 1591 1311 1603 -

24 1651 98 1714 dese
124 1649 244 1712 scribit.
279 1651 367 1711 nouit
391 1651 494 1729 edam,
518 1653 594 1714 idern
610 1651 672 1713 lieri
690 1652 783 1734 primo
799 1651 868 1714 anni
884 1651 979 1732 ipsius
993 1647 1134 1728 inpressu
1149 1653 1238 1724 atque

20 1737 93 1799 iano
114 1737 273 1800 laetiorem
289 1737 443 1818 dupliciter
458 1739 539 1818 lieri3
560 1747 699 1820 quantum
717 1739 794 1801 enim
811 1739 914 1802 recitat
930 1737 1098 1818 episcopus,
1115 1744 1237 1805 tantun-

19 1829 80 1887 dem
100 1824 236 1886 subinde
251 1826 367 1891 recitari
385 1846 403 1887 a
418 1827 562 1904 diacono3
588 1827 674 1910 cujus
695 1829 739 1889 rei
762 1827 862 1908 plnres
888 1845 996 1888 canens
1018 1823 1127 1885 ibidem
1142 1821 1238 1884 affort·

18 1915 48 1974 lu
63 1915 209 1975 Romana
226 1911 355 1974 eeclesia
371 1913 504 1976 diaconis
520 1925 623 1996 postea
638 1933 745 1978 munus
771 1915 889 1995 legendi
907 1909 1094 1994 evangelium
1110 1908 1166 1970 init
1182 1910 1236 1970 dc-

15 2003 202 2062 naudatnm.
233 1997 286 2060 stc
303 2000 378 2062 enirn
398 2001 561 2083 Gregorius
579 2002 624 2079 (t.
643 2024 689 2083 cp.
705 2001 783 2082 tt):
807 2008 870 2078 Quo
881 2005 917 2064 de
933 2023 963 2064 ro
977 2003 1117 2080 promenti
1132 2000 1238 2059 doomto

14 2095 172 2164 mnatituo,
186 2097 218 2148 ut
231 2092 261 2150 itt
277 2090 340 2149 aede
355 2091 409 2150 boo
422 2098 497 2153 noeti
512 2095 615 2154 ultoria
630 2097 752 2154 ministri
767 2101 882 2153 contero
896 2109 952 2151 meu
968 2089 1239 2165 damnorumque

14 2177 200 2253 mapulam
217 2177 342 2237 amimae
363 2175 487 2254 nitidum
507 2185 581 2241 inter
602 2187 753 2240 mistorum
775 2182 901 2241 solemnio
921 2177 1087 2251 ouaoloontp
1112 2176 1239 2254 psalmon

14 2285 90 2326 uere
108 2281 145 2324 uo
158 2263 277 2342 reliqum
292 2267 420 2327 natones
435 2287 529 2328 oanaeo
544 2287 594 2347 por
610 2269 802 2342 subdiaconum,
818 2271 862 2329 ool
876 2272 901 2327 el
916 2269 1065 2326 nmeaaitaa
1079 2267 1173 2338 enipi,
1188 2279 1239 2340 por

14 2359 148 2413 minores
163 2352 273 2412 ordinm
287 2354 417 2417 cabiloni.
448 2355 493 2416 Ad
508 2354 583 2416 baco
601 2355 774 2433 Apobardns
785 2352 834 2431 *):
861 2361 1006 2415 Domnulo
1020 2371 1084 2414 uero
1099 2351 1153 2410 toli
1169 2368 1238 2410 oen-

13 2441 176 2514 auetudine,
200 2441 326 2518 psalmon
342 2461 375 2500 oo
392 2445 514 2524 rebmroa
530 2446 657 2504 ieetlonea
672 2463 721 2523 per
736 2445 918 2504 subdiaconos
932 2443 975 2503 ool
992 2445 1111 2500 minores
1127 2436 1238 2498 ordines

13 2537 113 2589 aenam
127 2528 270 2603 cobiberi,
294 2530 354 2588 eolo
374 2531 497 2591 uidelicet
520 2534 690 2609 eoonpeliooo
710 2535 834 2593 lectiorcio
857 2521 951 2606 ospicio
974 2526 1136 2590 diaconibus
1162 2523 1238 2584 dela-

23 2627 95 2692 pnto.
127 2615 177 2675 De
193 2633 251 2694 quo
267 2624 359 2676 morte
373 2624 469 2679 tannen
485 2615 544 2680 alio
556 2627 693 2700 ternpore.
722 2617 779 2682 Hic
790 2637 905 2700 quoque
922 2615 1070 2678 deordine
1080 2610 1240 2674 lactionum

24 2705 171 2783 quaedam
189 2722 308 2764 monere
323 2723 494 2782 possemus,
521 2708 588 2768 dura
613 2716 771 2786 temporam
796 2705 884 2787 lapsu
900 2703 1044 2766 lectiones
1060 2698 1239 2783 apostolicae

25 2811 82 2853 cum
103 2786 224 2871 psalmo
240 2789 358 2852 inerunt
376 2793 556 2874 praemissae
574 2791 739 2874 evaugelio,
756 2795 998 2876 quomadmodum
1012 2811 1049 2853 cx
1065 2787 1239 2851 multisun-

25 2877 135 2956 gnstini
151 2876 229 2939 louis
245 2876 275 2937 id
297 2877 396 2942 ridere
413 2890 475 2943 ost:
509 2883 689 2962 Apostolum,
705 2877 879 2962 ,inquit**)‚
903 2883 1075 2949 audiuimus,
1100 2878 1239 2956 psalmum

26 2971 199 3042 audiuimus,
225 2969 394 3044 eouapelium
412 2971 585 3042 oudloimno,
607 2980 762 3031 consoneat
784 2989 878 3030 omaro
895 2970 1005 3029 diuinae
1026 2969 1163 3024 lectiones.
1199 2961 1239 3022 Et

27 3053 171 3116 sermonis
196 3051 238 3115 10
263 3055 367 3132 verba,
397 3056 427 3116 iu
451 3055 691 3119 antecedentibus
718 3057 778 3138 jau
804 3055 906 3132 citata,
931 3053 1009 3114 idem
1033 3049 1167 3114 euincere
1191 3047 1238 3110 vi-

28 3144 138 3204 deutur.

106 3229 304 3308 Legebantur
319 3247 407 3310 porro
424 3231 566 3296 lectiones
582 3231 614 3292 io
630 3233 770 3308 ambone,
796 3229 923 3311 pulpito,
947 3226 1085 3309 analogio
1103 3244 1158 3287 seu
1173 3223 1238 3286 lac·

28 3318 106 3382 torio.
146 3315 228 3377 Hino
245 3314 395 3396 Cypriane
412 3317 550 3382 Aurelius
572 3318 732 3401 tenacem)
757 3321 794 3380 od
808 3320 946 3399 pulpitum
959 3316 1175 3398 poat'ootootom
1189 3334 1239 3375 oa-

29 3413 81 3468 nire
97 3407 202 3466 dieitur
214 3412 243 3465 et
255 3402 410 3470 Celerinus
426 3429 509 3490 super
522 3411 670 3488 pulpitum,
685 3407 707 3472 i.
723 3429 760 3484 e.,
775 3428 859 3490 corpor
875 3409 999 3469 tribunal
1012 3408 1140 3468 eccleciae
1151 3415 1239 3482 opor-

29 3497 94 3557 tebat
109 3497 234 3572 imponi,
258 3502 289 3552 ot
306 3497 359 3556 loni
375 3499 484 3557 altioris
500 3499 621 3557 celsitate
636 3497 774 3558 arrbnimro
788 3503 814 3556 at
833 3497 904 3574 plebi
920 3501 1066 3558 uniuersae
1081 3513 1133 3574 pro
1149 3491 1240 3550 bono-

28 3588 63 3642 ria
80 3584 126 3642 nati
142 3581 271 3642 olonitote
287 3588 452 3666 conopionem
467 3585 540 3662 lepot
555 3594 702 3664 praecepto
718 3594 743 3644 et
759 3585 928 3662 aoompclium
943 3589 1065 3658 Domini,
1088 3599 1159 3660 quoe
1174 3579 1239 3654 for·
1262 3601 1268 3611 ·

29 3675 89 3730 titan
104 3678 131 3730 et
147 3665 266 3744 fideliler
280 3675 413 3752 sequitur.
448 3669 674 3752 Chrysostomus
692 3667 945 3750 Constantinopoli
961 3666 1011 3729 iat
1026 3663 1084 3726 τοῦ
1098 3653 1240 3748 βήματος

31 3747 312 3836 vivicomburia
329 3755 467 3822 docuisse
484 3768 619 3821 narratur
637 3757 806 3840 (Sozomeu.
824 3755 892 3820 bist.
909 3753 981 3818 eccl.
996 3750 1028 3832 8,
1045 3749 1090 3835 7).
1122 3747 1161 3811 Et
1175 3751 1240 3812 du-

32 3841 169 3922 gustinns
186 3843 222 3904 de
245 3841 320 3905 libro
345 3845 507 3928 sapientiae
524 3846 614 3911 refert
621 3891 630 3920 ,
654 3849 727 3928 qnod
748 3852 876 3908 meruerit
897 3852 927 3906 io
950 3845 1063 3906 coemto
1082 3839 1187 3904 obnisu
1208 3837 1241 3897 de

30 3933 118 4008 produ
141 3931 274 3993 lentorum
296 3935 424 3995 molcaioe
448 3937 549 3996 morant
571 3943 630 3996 tom
650 3937 734 4014 lonpo
756 3939 932 3998 animositate
952 3933 1074 3994 recitari.
1109 3923 1240 3988 Sonanta
1338 3957 1345 3963 -

33 4029 125 4080 autem
141 4017 267 4082 lectione
285 4041 344 4081 non
360 4019 451 4083 lector
469 4023 624 4100 duntaxat,
647 4023 699 4085 sed
723 4029 751 4084 et
773 4019 921 4083 auditores
945 4021 1078 4095 stabant,
1102 4035 1138 4080 ex
1161 4032 1240 4076 ruore

29 4179 253 4197 μ

97 4290 192 4360 *)1it.
214 4292 245 4345 de
267 4294 427 4346 correctione
444 4293 585 4363 Antiphon·
606 4309 664 4362 cap.
685 4292 727 4346 ta.

96 4375 143 4447 **)
162 4393 241 4434 norm.
260 4381 287 4433 8.
309 4381 341 4434 do
358 4381 432 4434 verb.
450 4381 577 4450 Apostoli.
744 4439 747 4443 Ι

98 4459 162 4536 Ψ)
182 4463 266 4535 Epist.
285 4465 328 4521 38.
349 4483 375 4535 p.
398 4466 440 4521 tt.
462 4483 504 4537 op.
524 4466 567 4520 39.
587 4481 615 4535 p.
636 4463 679 4519 ib.
