2944 4890
1227 3 1466 12 ——n——.

269 245 305 310 de
319 243 378 310 ritu
394 243 558 330 sepeliendi
574 233 703 312 mannus
719 263 768 331 ap.
784 253 854 314 retia
871 195 1067 312 Diristicnos.
1205 239 1290 312 aad·

54 419 269 508 praedicaverit
292 423 440 506 pontifex,
468 427 518 508 qni
542 447 594 507 pro
617 435 746 508 ternpore
767 425 873 504 inerit,
898 423 1109 488 sacerdotem.“
1145 421 1220 486 item*
1238 421 1270 484 in
1360 441 1364 450 ·

54 519 113 575 nito
129 515 244 574 Niooini
259 519 361 594 primi:
385 513 470 590 „Ein
489 514 622 595 pontifex
640 515 844 577 coemeterium
863 513 956 576 sancti
975 511 1089 592 lilarci,
1112 510 1188 573 inter
1206 510 1269 573 rias

54 601 181 682 Appiam
215 609 243 660 et
267 599 469 678 Ardeatinam,
502 599 602 664 multis
629 602 724 664 ruinis
752 613 979 684 conquassatam
1005 613 1090 682 atque
1117 597 1270 660 contritam

54 687 177 750 mirifice
192 688 355 750 construxit
370 709 406 750 ac
422 689 579 768 decorarit,
596 689 744 772 divinique
759 691 856 752 caitus
873 688 1050 771 mysterium,
1068 690 1144 770 quod
1162 683 1271 749 multos

55 797 108 858 per
125 787 286 858 temporum
304 796 412 840 corsus
429 779 616 856 discesserat,
633 775 790 842 restituit.“
821 777 898 858 Quis
915 777 1005 858 igitur
1015 797 1126 856 negare
1139 775 1270 850 audebit,

55 863 231 926 coemeteria
248 885 306 926 nnn
326 862 423 927 saluus
444 866 519 928 idem
538 887 604 928 cnm
629 864 765 930 ecclesiis
788 865 898 944 inisse,
923 867 976 927 sed
995 864 1107 946 aliquid
1130 863 1269 945 amplios,

54 973 142 1034 qnam
170 950 315 1015 ecciesiae
336 955 485 1031 urbanae,
516 955 653 1036 sepulcra
679 955 792 1017 scilicet
811 953 1061 1027 Christianorum,
1094 973 1169 1034 quae
1193 953 1270 1014 intra

53 1043 157 1102 ιιιΙιιιιι
180 1040 242 1102 iicri
267 1061 324 1102 non
352 1049 501 1122 poterant,
529 1033 689 1120 habuisse,
712 1061 779 1104 cum
804 1041 897 1102 iniis
922 1042 1065 1104 stationes
1089 1051 1117 1101 et
1139 1041 1268 1122 synodos

52 1128 176 1206 haireni,
203 1129 396 1210 baptismum,
424 1129 622 1192 ordinationes
648 1137 676 1192 ct
700 1130 805 1192 missas
829 1129 972 1192 celebrari
1007 1139 1035 1190 et
1062 1127 1182 1208 vigilias
1205 1125 1269 1188 iicri

53 1216 230 1278 rideamnsi
257 1214 354 1296 Igitur
370 1227 470 1279 contra
484 1217 646 1299 aliquorum
662 1218 835 1280 seutentiam
851 1223 1036 1280 coemeterium
1047 1218 1116 1292 facit
1129 1218 1270 1277 ecclesiam

53 1310 111 1366 sinc
128 1306 284 1382 insilirem,
308 1306 385 1386 quod
403 1322 544 1386 expresse
563 1307 709 1368 Damasus
730 1327 805 1388 papa
821 1299 851 1366 iri
870 1313 928 1368 cito
944 1311 1035 1367 suncti
1051 1310 1147 1366 Marri
1163 1310 1274 1383 Papae,

54 1393 103 1472 qui
124 1391 157 1454 S.
177 1390 328 1474 Sylrestro
346 1393 511 1455 immediate
521 1393 683 1470 successit,
709 1397 828 1475 exponit
846 1393 907 1455 sic:
938 1391 1086 1470 „Marcus
1104 1410 1181 1472 papa
1199 1390 1274 1452 iecit·

54 1479 199 1541 lrrrsilicas
223 1483 308 1557 duas,
331 1501 420 1542 naam
444 1481 474 1542 in
499 1481 545 1543 ria
564 1481 732 1561 Ardeatino,
756 1483 786 1542 in
812 1501 869 1562 qne
894 1478 1026 1560 sepultus
1046 1488 1108 1556 est,
1133 1478 1220 1539 aliam
1237 1477 1269 1538 in

52 1570 128 1629 urbe
150 1567 243 1629 Roma
256 1567 342 1648 juxta
360 1567 518 1630 Palatinas.
551 1567 599 1630 Ea
616 1569 705 1651 hujus
722 1568 917 1648 suggestione
935 1565 1146 1630 Constantinus
1161 1566 1269 1645 Angu-

53 1666 119 1716 stus
139 1653 242 1716 nlrtniit
261 1653 412 1733 basilicae,
433 1675 519 1736 qoam
541 1657 744 1718 coemeterium
762 1655 887 1717 instituit
905 1654 952 1716 ria
968 1653 1126 1715 Ardeatino
1144 1656 1180 1715 ad
1198 1653 1269 1714 ion-

52 1745 121 1804 dnm
142 1747 307 1806 rosarum.“
340 1743 379 1805 Et
396 1744 495 1825 paullo
511 1743 604 1805 inira:
625 1743 767 1822 „Marcus
784 1764 859 1826 papa
875 1742 1002 1804 morinus
1023 1739 1159 1820 sepultos
1179 1753 1221 1803 est
1238 1741 1268 1802 in

52 1829 230 1893 coemeterio
249 1829 405 1907 Dallrinae,
428 1831 477 1893 eia
493 1831 670 1911 Ardeatino,
695 1833 771 1913 qnod
794 1832 859 1912 ipse
878 1830 1021 1892 insistens
1038 1828 1181 1891 iecerat.“
1211 1828 1269 1892 Hic

52 1918 310 1982 animadversione
330 1919 471 1998 dignum,
497 1919 652 1981 ecclesiam
670 1918 763 1998 iliam,
788 1939 873 2001 quarn
895 1929 981 1980 autea
1003 1899 1154 1978 basilicam
1177 1935 1271 1978 roca·

51 2019 155 2082 verat,
173 2006 347 2067 coemeterio
370 2006 479 2067 ibidem
504 2008 670 2087 constituto,
695 2029 752 2069 non
776 2006 902 2088 amplios
926 2003 1095 2082 basilicam,
1123 2001 1268 2068 communi

52 2093 170 2156 scilicet
188 2093 314 2168 nomine,
332 2095 385 2155 sed
404 2095 607 2157 coemeterium
624 2096 747 2174 speciali
765 2093 963 2176 appellatione
980 2093 1048 2156 dici.
1145 2127 1148 2134 ·
1273 2147 1279 2154 .

144 2181 217 2262 Dap.
237 2180 303 2245 xii.
338 2183 392 2244 De
419 2183 673 2245 coemeteriis
699 2183 811 2245 urbis
835 2181 986 2245 Romae.
1023 2180 1177 2261 Ejusmodi
1197 2199 1269 2242 coe-

51 2268 242 2332 meteriorum
260 2268 362 2348 pinna,
385 2266 484 2350 qualia
504 2271 658 2332 etiamnum
677 2281 836 2332 cernuntur
852 2271 983 2344 Rornae,
1019 2267 1214 2342 ineruntarel
1238 2268 1268 2328 in

51 2360 141 2438 toplrc
167 2358 356 2436 suirurirano,
377 2357 497 2418 sacellis
515 2359 688 2440 quibusdam
712 2357 875 2438 adjunctis,
900 2363 1057 2428 excavata,
1080 2353 1126 2416 rel
1147 2354 1176 2414 in
1194 2355 1268 2415 salr-

51 2443 198 2506 terraneis
217 2443 326 2526 cryptis
338 2444 513 2521 cunstituta,
534 2465 571 2507 cx
589 2445 695 2525 quihus
714 2445 743 2504 in
763 2443 890 2524 antiquis
910 2439 1055 2503 ccclesiae
1073 2440 1268 2504 monumentis

49 2531 160 2592 horum
179 2531 353 2592 mentionem
377 2531 552 2594 invenimus.
597 2531 621 2594 l.
653 2529 1016 2594 coemeterium-omnium
1036 2528 1267 2591 vetustissimum

52 2609 251 2690 Ostriannnr,
272 2615 318 2680 cia
338 2617 472 2694 Salaria,
500 2621 537 2680 arl
561 2617 677 2681 tertium
696 2619 733 2681 ab
758 2621 832 2680 urire
857 2616 1000 2700 lapidera,
1026 2617 1056 2678 io
1081 2637 1138 2699 qno
1162 2616 1268 2681 Petrus

50 2705 207 2788 apostolus
233 2705 400 2787 baptizasse
426 2707 541 2768 dicitnr.
577 2706 622 2768 Dc
648 2727 704 2788 quo
730 2706 947 2788 protonotarius
970 2716 1090 2768 sanctae
1115 2705 1268 2768 Romanae
1311 2747 1317 2756 ⁶

50 2791 201 2858 ccclesiae
227 2793 271 2873 (in
290 2797 484 2856 notirAilcrii
502 2815 593 2874 popae
608 2813 670 2874 cop.
687 2797 717 2855 3.
734 2805 799 2856 tono.
816 2799 841 2855 i.
861 2795 1014 2870 concilior.)
1035 2793 1081 2851 sic
1096 2791 1151 2851 ait:
1172 2793 1268 2869 „Erat

49 2904 110 2945 aon
129 2879 217 2961 longe
235 2901 253 2943 a
269 2880 426 2968 coemetrio
443 2881 583 2943 Noreiiae
600 2884 636 2942 ari
655 2880 768 2942 tertium
786 2879 952 2942 milliarium
969 2881 1006 2938 air
1023 2879 1096 2938 urire
1113 2877 1160 2939 ria
1177 2879 1271 2940 satos

50 2971 94 3032 ria
122 2970 328 3030 coemeterium
355 2968 541 3045 Οιιιίιιιιιιιιι,
574 2967 624 3030 uiri
642 2968 745 3030 Petras
770 2965 921 3050 apostolus
946 2964 1134 3046 baptizarit.“
1161 2965 1210 3030 ·ll.
1232 2965 1266 3032 0.

46 3057 227 3123 Vaticanum
250 3057 335 3136 juxta
362 3055 498 3136 tempium
519 3055 683 3135 Apollinis,
710 3055 835 3138 Cajirpnc
863 3065 890 3116 et
912 3053 1041 3116 Neronis
1069 3051 1194 3131 circum,
1220 3054 1267 3117 ria

48 3143 220 3226 triumphali
240 3137 344 3220 sitnm,
366 3145 397 3205 ἱιι
421 3143 514 3206 hortis
533 3143 728 3218 Neronianis,
752 3143 802 3204 ubi
824 3163 901 3203 noan
925 3153 969 3204 est
994 3137 1117 3204 basilica
1136 3140 1169 3202 S.
1187 3141 1266 3202 Petri

46 3231 195 3314 apostoii,
224 3231 255 3292 io
286 3251 344 3309 quo
374 3232 496 3314 jacuere
521 3251 645 3312 corpora
674 3241 840 3294 sanctornm
864 3230 1063 3293 Rornanorum
1089 3227 1267 3308 pontiiicnm,

44 3319 147 3390 Petri,
171 3318 265 3396 Lini,=
281 3317 372 3396 Oleli,
395 3318 544 3396 Anacleti,
569 3319 708 3395 Eraristi,
727 3319 821 3400 Xysti,
845 3317 1033 3407 Telesphnri,
1059 3315 1180 3398 Hygini,
1207 3315 1265 3393 Pii,

44 3405 216 3482 Eleutheri,
233 3405 359 3469 Victoris
373 3415 402 3468 ei
416 3405 549 3484 aliorum,
567 3408 724 3485 Damasus,
739 3405 887 3468 Martinus
901 3417 954 3467 etc.
982 3405 1048 3468 Hac
1061 3403 1265 3466 coemeterium

13 3519 15 3529 ¹
42 3495 141 3568 fontis
161 3493 255 3558 sancti
270 3493 349 3556 Petri
367 3503 451 3558 cocat
466 3493 541 3556 liber
560 3493 729 3570 censuum,
754 3497 831 3576 qood
850 3503 965 3575 praeter
983 3491 1137 3574 sepulcra,
1156 3491 1265 3554 iontem

44 3599 169 3665 qnoque
191 3581 328 3662 baptismi
353 3582 456 3658 habet,
488 3583 537 3663 qni
557 3603 615 3644 nnn
642 3581 777 3644 omnibus
802 3581 985 3643 coemeteriis
1008 3579 1170 3643 commanis
1194 3591 1265 3643 erat.

42 3673 101 3734 lll.
122 3669 158 3734 D.
176 3671 212 3732 'ad
230 3669 390 3752 Nymphas,
408 3668 438 3730 in
456 3670 577 3750 praedio
595 3670 734 3748 Serenae,
750 3670 798 3732 ria
815 3670 1006 3746 Nomentana,
1024 3667 1122 3749 lapide
1138 3669 1175 3729 ab
1193 3669 1265 3728 orbo

42 3760 126 3822 inter
148 3757 303 3839 septimum
329 3764 357 3817 et
380 3766 531 3836 octavum,
554 3757 586 3818 in
606 3777 664 3838 ryno
682 3757 799 3838 sepulta
818 3757 938 3818 inerant
955 3777 1078 3836 corpora
1097 3764 1265 3818 sanctornm
1293 3793 1296 3798 ·

43 3855 219 3928 martyrum,
235 3844 396 3908 Alexandri
415 3863 519 3926 papae,
539 3843 655 3907 Ercntii
672 3856 700 3906 et
716 3845 876 3921 Theoduii,
893 3847 1139 3926 presbyterorum,
1156 3843 1266 3925 Papiae

43 3945 74 3997 et
92 3932 195 3996 Mauri
219 3932 360 4009 militurn,
387 3931 549 4012 Aproniani
568 3933 676 3994 tribuni
701 3941 729 3994 et
747 3931 883 3994 oliorum.
929 3931 978 3996 lv.
1006 3929 1040 3992 C.
1058 3944 1157 4006 retus,
1187 3935 1269 4014 qnod·

41 4031 155 4104 postea
179 4039 197 4081 a
220 4039 296 4101 papa
315 4017 438 4082 Callisto
464 4019 648 4100 ampliatum,
675 4041 712 4083 cx
737 4020 801 4101 ejus
820 4018 935 4080 nominc
952 4018 1067 4081 Callisti
1087 4017 1264 4104 appeliatum

40 4120 101 4181 est,
128 4107 176 4170 ria
192 4108 296 4189 Appia,
323 4107 419 4188 lapide
437 4110 474 4169 ab
497 4111 570 4169 ardu
590 4110 739 4184 secundo,
763 4109 819 4169 sul)
838 4104 962 4168 basilica
981 4106 1075 4168 sancti
1095 4107 1265 4170 sebastiani

37 4199 146 4272 situm,
160 4194 197 4256 in
216 4215 274 4276 quo
291 4194 411 4276 jacuere
430 4214 554 4275 corpora
574 4204 925 4276 sanctorura'martyrunn,
949 4194 1146 4257 Romanorum
1168 4195 1267 4278 ponti-

38 4285 145 4359 iicnnn,
170 4281 295 4352 Aniceti,
314 4281 439 4358 Soteris,
462 4282 608 4357 Pontiani,
629 4283 736 4356 Antoni,
756 4282 894 4359 Fabiani,
920 4281 1061 4357 Cornelii,
1079 4283 1176 4358 Lacii,
1194 4283 1264 4342 Ste-

37 4370 149 4455 phani,
173 4369 258 4452 xysti
276 4369 320 4445 ΙΙ.,
344 4369 491 4452 Dionysii,
516 4369 702 4453 Eutychiani,
723 4368 799 4449 Caji,
819 4369 944 4431 Eusebii
965 4381 993 4431 ct
1009 4369 1162 4430 Miltiadis.
1194 4368 1263 4426 item

36 4469 215 4524 sauctorum
235 4455 597 4537 saoconnaonenitinn,
617 4455 778 4522 Tertullini
795 4457 967 4542 presbyteri,
986 4457 1115 4521 Nemesii
1136 4449 1268 4530 diaconi,
