2968 4896
474 196 632 302 deritibur
648 223 881 310 baptismalibus.
1219 227 1282 296 tol

61 407 129 468 dam
141 403 189 466 sie
201 402 310 466 dictum
321 397 492 482 baptizaret,
508 403 665 483 reprobata
677 408 706 464 et
717 411 854 483 corrupta
866 401 1012 464 dominica
1022 401 1177 466 traditione
1188 423 1283 468 ausus

61 503 109 555 est
131 491 211 552 inter
226 491 433 572 baptizandum
451 491 567 552 dicere:
593 490 756 570 baptizatur
779 491 922 551 barbarus
947 491 976 550 iu
994 512 1100 552 nemen
1116 493 1212 556 Patris
1230 515 1284 575 per

62 579 175 642 lfilium
189 578 480 659 iuSauctoSpiritu3
496 599 554 658 quo
567 577 643 640 dicto
654 597 733 658 aqua
748 577 778 638 in
796 577 992 660 colymbethra
1010 580 1138 641 evanuit.
1160 581 1282 662 Raptis-

62 689 129 730 mos
147 667 399 730 Eunomianorum
425 665 641 746 repudiandas,
667 666 765 726 faetus
789 665 819 726 io
839 666 954 727 nomine
971 667 1027 730 Dei
1045 667 1166 729 increati
1185 680 1213 731 et
1229 668 1282 730 filii

64 755 156 817 creati
175 768 204 816 et
220 754 349 836 Spiritus
371 753 572 816 sanctificatiri
598 764 660 814 eta
683 761 779 814 creato
802 751 863 814 lilio
881 754 988 830 creati,
1014 764 1087 816 teste
1104 756 1281 836 Epiphanio,

65 846 145 906 baer.
165 842 255 920 alleg.
275 877 313 890 -
333 840 400 923 §.a
416 841 504 903 Ritus
521 841 711 921 baptismales
728 841 913 904 accessorius
930 862 954 902 s.
973 841 1181 921 accidentales,
1196 845 1282 924 juxta

65 929 309 994 consuetudinem
326 937 453 990 veterum
467 949 504 990 ne
520 928 695 1003 omittamus,
713 930 803 1010 primo
821 929 1031 1010 professionem
1044 931 1169 991 nominis
1185 943 1281 994 atten-

64 1022 172 1093 diruus,
190 1019 222 1078 iu
237 1016 327 1080 reteri
344 1016 471 1078 ecclesia
485 1015 633 1079 usitatam.
670 1017 790 1092 Omnes,
813 1026 953 1099 quotquot
968 1020 1003 1078 nd
1022 1017 1280 1098 christianismum,

64 1108 129 1168 nire
147 1127 184 1168 ex
197 1105 346 1186 judaismo
364 1104 427 1167 sire
444 1125 481 1166 ex
499 1104 666 1183 gentilismo
684 1107 872 1179 accedebant,
892 1125 997 1166 nomen
1015 1105 1142 1185 profiteri
1161 1120 1281 1187 oporte-

63 1198 113 1257 bat
131 1197 210 1274 apud
228 1213 312 1270 cum,
338 1191 388 1274 qui
404 1195 441 1254 ad
459 1193 636 1254 catechetam
654 1202 787 1274 receptos
806 1195 952 1254 adducere
972 1194 1104 1256 debebat.
1142 1195 1282 1257 Consen-

62 1282 141 1345 tiunt
160 1282 189 1342 in
206 1280 263 1344 hoc
279 1280 392 1342 Patres.
417 1279 554 1342 Clemens
571 1280 628 1341 ait:
647 1283 778 1358 accedat,
796 1279 845 1362 qui
863 1281 1036 1362 baptismum
1053 1283 1114 1344 rult
1130 1292 1157 1344 et
1174 1303 1281 1346 nomen

62 1391 152 1432 suum
163 1371 222 1432 det.
244 1370 339 1447 Quem
356 1367 669 1446 secutusduguotiuus
686 1371 736 1445 (de
752 1389 824 1429 eura
839 1389 892 1449 pro
910 1371 1031 1430 mortuis
1045 1371 1090 1431 12.
1102 1381 1132 1446 et
1150 1371 1280 1432 confess.

63 1454 94 1535 8,
112 1459 161 1538 2.)
177 1459 215 1519 de
229 1456 379 1521 Victorino
395 1459 510 1518 rhetore
525 1455 670 1536 loqueosr
695 1453 857 1534 Gregorius
875 1456 947 1520 Nar.
965 1468 1038 1518 orat.
1057 1459 1093 1518 de
1111 1459 1187 1538 bapt.
1204 1479 1279 1519 euu-

65 1549 129 1608 dem
148 1545 238 1608 ritum
253 1544 366 1606 firmum
383 1545 487 1606 reddit
518 1577 563 1590 -
595 1540 622 1624 ξ.
642 1541 692 1606 10.
723 1542 838 1604 Deinde
856 1543 1033 1618 carcedonio,
1052 1563 1194 1606 sornmam
1212 1544 1280 1606 fidei

65 1637 100 1696 nd
124 1632 253 1696 salutem
276 1632 464 1696 necessariae
488 1631 701 1716 requirentem,
725 1641 906 1711 spectamus,
930 1642 1018 1712 prout
1040 1629 1130 1693 adulti
1157 1633 1280 1694 eandem

64 1721 197 1804 profiteri
214 1741 331 1801 operam
349 1722 432 1797 daut,
457 1730 611 1800 autequam
629 1717 807 1780 Christianis
824 1718 917 1780 sacris
934 1719 1093 1784 initientur.
1131 1720 1189 1781 lstc
1206 1721 1279 1782 ritus

64 1806 250 1890 baptismalis
266 1806 377 1888 legitur
396 1809 473 1889 apud
492 1805 689 1886 Augustinum
714 1808 765 1886 (de
781 1806 894 1868 orthod.
909 1805 965 1868 fide
983 1809 1032 1868 ll.
1051 1817 1079 1869 et
1095 1809 1131 1868 de
1147 1808 1278 1869 catechi-

65 1897 171 1960 zandis
186 1897 342 1978 rudibus),
367 1893 509 1978 Cyrillum
527 1893 644 1957 Hieros.
670 1893 808 1975 (praefat.
830 1893 862 1954 in
887 1894 1047 1976 cateches).
1083 1897 1108 1957 A
1131 1895 1280 1958 veteribus

64 1984 250 2048 exorcismus
268 2006 319 2073 pro
337 1982 566 2046 catechisatious
581 2003 636 2062 per
657 1981 860 2065 metonymiam
874 1982 1004 2064 adjuncti
1021 1982 1066 2045 rel
1081 2003 1280 2046 connexorum

64 2072 226 2136 adhibitus.
258 2102 299 2120 -—
333 2073 361 2158 ς.
381 2073 431 2134 ll.
465 2071 591 2149 Quidam
609 2089 747 2146 examen,
774 2068 862 2152 quale
879 2091 944 2132 cum
962 2071 1125 2134 candidatis
1143 2071 1279 2152 baptismi

65 2161 135 2223 olim
152 2159 328 2237 institutum,
344 2180 397 2240 pro
413 2159 472 2221 ritu
488 2157 652 2240 baptismali
671 2179 729 2219 nou
744 2159 919 2236 habuerunt,
936 2161 1013 2240 quod
1031 2159 1205 2240 improbarit
1216 2161 1280 2222 hu-

64 2249 215 2330 gustiuus‚
233 2269 251 2310 a
267 2267 324 2329 quo
341 2247 405 2309 dies
423 2247 656 2324 denominantur,
675 2246 783 2327 quibus
800 2247 984 2325 catechizari,
1002 2247 1173 2323 exorcizari,
1192 2267 1280 2311 seru-

65 2337 119 2400 tari
138 2336 184 2400 rel
204 2335 350 2417 explorari
367 2355 418 2398 eos
433 2345 554 2417 oportet,
572 2333 621 2416 qni
639 2355 692 2415 per
707 2355 801 2396 annos
817 2335 954 2414 singulos
969 2337 1006 2396 ad
1023 2335 1172 2396 lavacrum
1189 2357 1281 2416 rege·

64 2423 227 2488 necationis
243 2425 401 2500 accedunt,
426 2434 565 2504 qnantum
591 2422 769 2504 profecerint
785 2431 813 2484 et
830 2423 898 2504 qnid
915 2422 1049 2484 utilitatis
1065 2422 1231 2484 informatio
1248 2423 1280 2483 iu

66 2511 214 2594 capitibus
229 2511 384 2592 religionis
401 2509 579 2574 christianae
596 2513 632 2572 de
649 2509 705 2572 fide
732 2520 760 2572 et
786 2511 917 2572 moribus
934 2509 1072 2572 attulerit.
1106 2545 1145 2558 -
1180 2511 1209 2595 ξ.
1228 2511 1279 2574 12.

64 2599 215 2682 lejuuinm
231 2599 336 2662 ritibus
355 2597 578 2680 baptismalibus
605 2617 849 2675 annumeramus,
875 2601 951 2680 quod
976 2598 1128 2660 nobiscum
1145 2599 1278 2661 lustinus

68 2685 148 2770 apol.
164 2688 197 2750 2.
219 2687 280 2750 ruit
303 2687 423 2750 diceus:
445 2687 580 2769 jejunare
606 2687 748 2748 docentur
764 2687 928 2768 baptizandi
949 2683 1037 2748 nobis
1059 2707 1119 2748 nna
1135 2707 1201 2748 cum
1217 2685 1280 2748 illis

68 2787 95 2839 ct
113 2775 269 2838 orantibus
286 2785 314 2836 et
326 2775 540 2858 jejunantibus.
570 2773 703 2834 Eundem
721 2775 807 2836 ritum
827 2773 1031 2836 Tertullianus
1048 2776 1098 2851 (de
1116 2777 1193 2856 bapt.
1213 2771 1280 2857 20.)

66 2862 183 2946 prolixe
200 2863 420 2926 commendarit
442 2862 500 2926 Hic
517 2884 535 2924 a
550 2859 758 2923 vetustissimis
776 2861 951 2924 Christianis
970 2861 1100 2922 nonfuit
1116 2862 1281 2940 neglectus,

66 2955 118 3016 sed
136 2952 235 3014 3-5.
260 2950 371 3013 seculis
394 2951 490 3012 adhuc
514 2948 671 3030 superfuit.
702 2985 746 2996 —
777 2949 805 3033 §.
832 2950 883 3011 13.
915 2948 1128 3038 Exoreismns,
1152 2958 1184 3010 ut
1208 2949 1281 3012 ritus

67 3038 253 3122 baptismalis
270 3038 416 3100 ordinarie
439 3039 470 3100 in
487 3037 629 3118 baptismo
652 3045 805 3116 receptus,
829 3035 885 3108 iis,
911 3037 959 3116 qui
984 3043 1098 3096 matura
1123 3045 1218 3096 aetate
1243 3037 1281 3096 ad

68 3127 245 3211 baptismum
262 3136 462 3202 accesserunt,
486 3135 573 3208 prout
591 3123 781 3206 spiritualiter
798 3123 914 3185 obsessi
931 3123 1058 3197 fuerunt,
1075 3121 1218 3199 inserviit,
1242 3122 1290 3182 li-v

68 3229 113 3280 cet
130 3217 221 3278 corda
237 3214 310 3278 fides
326 3213 496 3298 purificarit.
531 3214 600 3291 Qua
615 3215 646 3274 io
663 3233 696 3274 re
711 3213 892 3275 Dannhauer
907 3208 1187 3293 (Moornprooopfor
1202 3208 1233 3286 2,
1250 3211 1282 3273 8.

68 3304 98 3380 ⁵,
115 3307 157 3382 9.)
176 3310 300 3366 mentem
317 3302 468 3384 explicuit.
502 3301 581 3362 ldcm
598 3312 664 3382 post
679 3299 837 3381 Augustini
855 3311 985 3380 tempora
1002 3299 1165 3360 diutissime
1180 3299 1211 3360 in
1229 3318 1282 3360 eo-

69 3392 161 3456 elesia
177 3392 302 3455 durarit.
326 3389 400 3456 Vide
416 3389 549 3452 lustinus
563 3389 652 3451 Mart.
668 3410 723 3451 nec
740 3409 798 3451 nou
816 3388 944 3450 'fcrtull
960 3387 1095 3469 (apolog.
1110 3387 1177 3468 32.)
1201 3387 1282 3448 Lac-

68 3475 336 3553 eneruauerunt,
357 3480 394 3538 16
412 3478 509 3539 or27.
546 3476 721 3540 Ambrosius
747 3497 803 3540 sun
826 3497 941 3558 quoque
967 3485 1061 3538 aetate
1085 3474 1282 3536 exorcismum

69 3567 216 3650 baptismo
240 3565 434 3649 praemissum
459 3585 525 3626 esse
549 3565 599 3648 (de
623 3585 737 3627 sacram
763 3567 793 3645 l,
819 3567 852 3642 5)
881 3565 927 3626 his
950 3562 1050 3624 verbis
1075 3561 1206 3622 indicat:
1230 3561 1283 3622 ubi

66 3657 192 3739 primum
217 3653 384 3736 ingreditur
406 3655 566 3730 sacerdos,
597 3655 789 3715 exorcismum
811 3651 891 3716 facit.
931 3648 1085 3712 consentit
1103 3649 1282 3728 chrysosto-

69 3765 144 3808 mus.
183 3743 250 3806 dlia
268 3743 346 3805 diota
369 3743 429 3824 jam
452 3761 512 3802 non
531 3741 761 3816 cumulabimus,
787 3759 863 3820 quae
881 3741 958 3818 apud
975 3737 1078 3798 Patres
1104 3735 1282 3815 probatioris

69 3841 154 3896 notae
170 3832 341 3914 frequenter
357 3835 524 3892 occurrunt.
552 3866 589 3878 -
618 3827 646 3912 ξ.
664 3827 714 3892 14.
745 3827 857 3888 Eodem
881 3826 938 3887 ritu
955 3825 991 3886 ab
1010 3821 1175 3903 Augustino
1191 3821 1283 3884 Pela·

71 3920 168 4001 gianis
185 3929 336 3982 ostensum
354 3917 426 3994 fuit,
450 3916 578 3978 infantes
595 3926 716 3978 naturae
732 3915 802 3977 vitio
820 3915 875 3978 sub
891 3922 1011 3994 peccato
1028 3919 1056 3973 et
1073 3909 1181 3972 diaboli
1199 3920 1285 3988 pote·

71 4017 145 4071 state
161 4006 256 4072 teneri
283 4008 461 4086 (depereat.
479 4003 589 4066 meritis
612 4012 641 4065 et
661 4003 778 4066 remiss.
797 4003 825 4078 l,
844 4003 896 4067 34.
916 4003 952 4062 de
969 4009 1044 4079 grat.
1063 3998 1173 4060 Christi
1188 3995 1221 4076 2,
1237 4001 1285 4067 fr).

72 4096 296 4160 confessionem
320 4092 490 4158 Weudelini
514 4091 692 4154 Calvinistae
715 4100 917 4172 acceptamus,
943 4107 1041 4152 exerc.
1063 4086 1114 4150 40.
1140 4109 1169 4167 p.
1189 4085 1285 4150 1418.

72 4185 216 4246 dicentis:
242 4183 297 4246 etsi
324 4202 384 4244 nen
401 4179 527 4244 diffiteor
543 4179 629 4242 etiam
647 4179 675 4240 in
699 4178 842 4240 infantum
861 4175 1033 4258 baptismum
1049 4183 1117 4256 post
1133 4174 1284 4256 apostolo-

71 4294 135 4335 rum
153 4282 286 4354 tempora
303 4271 498 4333 exorcismum
515 4267 682 4349 irrepsisse.
719 4265 838 4330 Confer.
855 4266 1035 4328 Danubauer
1052 4265 1087 4325 de
1111 4282 1234 4324 sacram.
1251 4257 1284 4334 2,

73 4364 101 4424 3.
120 4359 148 4444 ᾗ.
165 4362 219 4424 ut.
238 4393 277 4406 -
305 4356 332 4440 ξ.
351 4359 404 4422 15.
428 4355 648 4419 Abdicationem
665 4378 690 4418 s.
707 4353 956 4417 renunciationem
976 4353 1104 4414 Satanae
1121 4359 1148 4412 et
1165 4363 1283 4426 operum

73 4449 150 4533 ejus,
164 4448 198 4512 in
208 4457 347 4531 respectu
357 4448 394 4510 ad
404 4444 596 4528 baptizandos
608 4441 654 4511 rel
668 4452 867 4526 susceptores,
880 4442 947 4506 loeo
958 4440 1090 4523 ipsorum
1101 4435 1285 4516 respondeu-
