2942 4892
210 253 295 396 '⁸22⁴
606 253 701 339 libil-
719 253 824 340 'culm
843 257 1061 346 Fridrcueher

226 449 348 524 stabant
380 447 579 532 poeuiteutes,
608 467 730 532 procura
756 436 902 532 ecciesiae
924 450 1100 534 participes,
1127 457 1160 513 ut
1183 457 1214 512 et
1234 447 1460 528 catechumeni,

126 539 133 552 ‘
229 536 338 620 qulam
357 536 535 602 exeuntibus
559 535 617 618 ipsi
642 557 763 620 quoque
788 537 935 602 eribant·v
960 537 1138 620 ¹(irc-gorius
1163 535 1205 601 ita
1219 536 1388 600 describite
1416 533 1460 596 'H

227 614 414 712 ὐπύπτασγς
430 625 483 685 ἵνα
499 622 622 686 cucco·
636 622 695 705 τῆς
710 615 814 706 πύλογο
830 623 889 686 τοῦ
905 622 987 688 ναού
1009 611 1173 703 ἱστάμενος
1186 613 1264 694 κατὰ
1292 621 1361 686 ταῖν
1376 613 1460 703 peri

220 710 291 782 ‚noir
313 709 557 794 κατοικουμένων
575 707 752 793 ἐξεργηται.
805 712 921 776 Dicitur
944 713 1047 778 tertius
1073 709 1125 775 ille
1150 703 1352 792 ὐπόπτωσις,
1377 735 1407 793 q.
1428 713 1456 776 d.

218 799 401 864 ‘humiliatio
445 797 572 870 Restant
595 801 652 862 duo
676 799 794 878 nomina
818 793 967 882 odorante
983 797 1174 880 είμέθοξις,
1192 801 1288 882 quarti
1310 809 1341 862 et
1358 799 1455 882 quinti

141 907 146 914 ·
228 889 351 972 gradus.
395 875 554 958 2i'rrruore'
569 886 670 967 igitur,
697 908 713 949 e
730 886 879 974 mysteriis
896 885 1105 969 gentium'r'ox
1120 899 1250 969 accepta,
1271 887 1456 970 appellaba-

217 977 276 1041 'ur
298 972 384 1040 statio
407 973 485 1038 inter
506 973 625 1050 lideies,
648 974 688 1036 ibi
713 975 995 1055 poeniteoreeduos
1018 995 1163 1062 persaepe
1185 995 1280 1038 annos
1300 977 1461 1057 ugehauty

217 1065 306 1148 jquod
329 1063 369 1126 'ad
394 1071 507 1140 cetera,
533 1061 664 1144 eiusdem
692 1061 868 1126 conditionis
892 1083 958 1126 curu
985 1063 1142 1142 tideiibus3
1172 1083 1269 1146 neque
1291 1063 1358 1146 jam
1387 1085 1453 1126 cum

216 1149 447 1216 ‘catechumenis
466 1149 601 1224 exibant,
629 1147 694 1230 sola
711 1149 935 1232 participatione
955 1151 1157 1236 mysteriorum
1177 1150 1283 1215 ceteris
1306 1151 1461 1214 iratribus

87 1237 99 1260 ‘
152 1283 158 1292 ·
216 1237 393 1302 inferiores.
438 1233 586 1310 Μέθεξις
610 1257 680 1300 rero
698 1238 856 1301 dicebatur
872 1237 922 1322 jus
942 1239 1193 1341 eomnrnuioaudi,¹
1210 1251 1247 1316 et,
1264 1239 1454 1337 utinquitur

225 1323 556 1406 Basilius,'aiiqunties
578 1324 609 1386 in
637 1327 835 1407 descriptione
858 1328 960 1388 harum
976 1347 1153 1410 poenarum,
1175 1345 1196 1407 sy
1221 1325 1372 1389 κοινωνία
1394 1348 1453 1387 του

215 1407 364 1498 ἰίγοιθού,
379 1413 401 1478 ί.
421 1433 447 1476 e.
467 1407 675 1478 eucharistiae.
719 1413 777 1476 dlii
796 1415 896 1476 eodem
913 1434 1009 1478 senen
1027 1415 1181 1490 dixerunt:
1204 1407 1320 1476 ulcero
1343 1412 1400 1476 ἐπὶ
1415 1407 1451 1474 τὸ

217 1496 376 1586 ‚ostrow
403 1530 442 1548 ····
478 1499 532 1563 stc
553 1499 745 1564 christiaaim
766 1523 847 1565 more
864 1499 1020 1582 gentilium
1037 1505 1175 1585 dogmata
1193 1501 1406 1584 partiebantur
1421 1502 1452 1562 iu

190 1643 193 1650 ι
226 1589 354 1671 crocco,
368 1607 444 1671 qnae
462 1588 543 1651 ieras
562 1588 673 1652 adferri
690 1600 832 1671 poterant,
855 1599 886 1652 et
902 1580 941 1650 erl
957 1583 1122 1675 ὐπόῤῥιγτα
1139 1588 1285 1674 mysteria,
1303 1609 1407 1672 neque
1421 1589 1450 1650 in

218 1677 404 1762 quotidianis
440 1673 596 1758 colloquiis
630 1698 725 1758 neque
759 1677 791 1740 iu
824 1678 1027 1742 catechesibus
1058 1699 1153 1760 usque
1188 1678 1225 1740 iu·
1248 1677 1450 1740 concionibus

225 1777 334 1829 temere
350 1785 409 1828 noa
429 1763 551 1827 initiatis
569 1763 733 1846 vulganda,
754 1767 839 1848 cnjus
863 1765 904 1828 roi
923 1773 1012 1830 testes
1028 1777 1097 1830 aunt
1113 1763 1259 1843 Basilius,
1276 1765 1449 1846 Gregorius

224 1852 377 1931 linricus,
394 1852 632 1934 chrysostomus.
671 1853 754 1916 Unda
769 1853 907 1936 gentiles,
923 1853 966 1916 oc
983 1854 1180 1919 casaubonus
1195 1853 1303 1932 refert,
1321 1853 1449 1934 reiigio-

225 1963 293 2006 uem
317 1940 507 2004 christianam
543 1938 662 2002 ludibrii
688 1962 779 2004 eausa
808 1941 945 2004 dixerunt
978 1930 1110 2024 νρύιγιον
1139 1930 1246 2024 δόγμα.
1299 1940 1449 2024 Mystcria

154 2071 159 2078 ι
225 2029 342 2112 quidem
361 2028 392 2090 iu
417 2027 513 2092 oculis
533 2047 650 2108 semper
668 2029 777 2090 habere
802 2030 961 2108 debemus,
988 2050 1047 2092 uon
1071 2049 1141 2092 vcro
1164 2028 1342 2092 occultanda
1368 2039 1447 2092 sunt.

65 2117 66 2124 '
103 2107 121 2192 ',
224 2117 363 2181 christus
382 2125 460 2178 certe
474 2124 502 2178 et
518 2115 642 2196 apostol-i
660 2136 718 2178 nou
735 2115 927 2195 occultarunt,
938 2119 990 2180 sed
1008 2127 1218 2198 exposuerunt.
1243 2115 1446 2198 casaubonus

223 2205 340 2288 quidem
363 2213 460 2287 putat,
493 2201 734 2284 distinguendum
760 2223 828 2267 esse
846 2203 922 2268 iuter
944 2225 993 2268 res
1018 2204 1081 2268 sire
1097 2223 1153 2268 res
1176 2201 1391 2286 significatas,
1422 2215 1447 2266 et

223 2293 299 2357 iuter
315 2291 427 2354 rituum
445 2311 551 2354 causas
568 2312 603 2354 ae
619 2293 734 2353 modurn
754 2291 941 2366 celebrandi3
968 2301 1081 2356 veteres
1097 2313 1156 2356 nou
1172 2313 1238 2368 res,
1261 2293 1316 2354 sed
1335 2291 1445 2355 rituum

224 2399 332 2444 causas
349 2401 384 2444 ac
398 2381 512 2443 rnodum
532 2377 699 2443 celebrandi
719 2379 893 2444 occultasse.
923 2379 983 2442 Sed
997 2399 1093 2462 aeque
1110 2380 1239 2462 rigorem
1255 2379 1445 2462 discipliuae,

223 2489 309 2551 quam
327 2478 449 2544 vocant,
476 2466 713 2546 ecclesiasticae,
739 2487 834 2550 oreque
862 2467 1065 2552 mysteriorum
1091 2461 1316 2531 occultationem
1335 2472 1446 2549 proba-

223 2575 300 2618 mus.
332 2555 420 2618 certe
444 2552 605 2616 christiani
626 2553 701 2618 alios
717 2577 775 2618 non
796 2567 852 2630 tam
879 2555 984 2618 ritihus
1003 2575 1088 2638 quam
1108 2554 1253 2638 mysteriis
1271 2555 1337 2618 sive
1355 2557 1445 2618 rebus

96 2701 97 2707 ,
121 2701 124 2712 ,
214 2640 298 2724 ‘ipsis
316 2643 466 2704 arcebant.
509 2643 685 2724 Quanquam
704 2663 763 2704 nou
783 2644 973 2724 ignoremus,
995 2643 1162 2707 occultandi
1180 2643 1269 2706 ritum
1291 2643 1324 2704 iu
1343 2645 1445 2725 primis

224 2737 326 2812 quarto
354 2738 382 2806 et
408 2727 508 2810 quinto
534 2749 595 2792 sce.
621 2729 651 2791 in
677 2731 917 2795 consuetudinem
935 2729 1073 2796 senisse.
1119 2729 1248 2814 cyrillus
1267 2730 1393 2794 Hieros.
1412 2735 1444 2793 de

105 2891 109 2897 ,
222 2815 371 2902 mysteriis
389 2815 485 2881 dicte:
504 2817 587 2900 'apud
612 2817 837 2882 catechumenos
861 2816 975 2890 lucarie
994 2837 1053 2881 uon
1077 2817 1240 2901 loquimur,
1272 2820 1326 2881 sed
1352 2819 1443 2882 multa

172 2959 174 2966 ,
222 2917 314 2987 saepe
328 2903 473 2988 loquimur
488 2899 790 2984 ῖπικεκαλυμμὲνως.
825 2907 917 2970 Sexto
936 2925 997 2968 sec.
1014 2907 1091 2968 inter
1106 2905 1230 2970 Latinos
1250 2905 1279 2968 ia
1297 2907 1443 2972 desuetu-

221 2993 318 3056 dinem
334 2993 452 3056 sensim
477 2991 549 3056 abiit
574 3003 603 3076 et
625 2991 749 3075 septimo
777 2993 874 3057 desiit.
912 2993 1019 3056 Graeci
1044 3013 1113 3057 cern
1138 3013 1249 3058 morem
1272 2992 1360 3057 ilium
1384 3015 1442 3057 uon

127 3097 129 3102 '
206 3082 412 3164 abrogarunt,
427 3085 504 3162 apud
523 3101 596 3164 quos
615 3080 700 3143 hodie
718 3081 747 3142 in
766 3101 826 3144 usu
842 3089 906 3159 est,
930 3101 994 3144 rum
1011 3091 1141 3145 aeterum
1159 3080 1284 3144 formula
1299 3089 1442 3144 utuntur:

213 3159 338 3230 ”leones
353 3167 383 3231 oi
399 3165 605 3246 μεμυημένοι,
623 3164 728 3230 ἴσασιν
744 3168 774 3230 ni
789 3168 911 3242 necrol,
937 3165 1041 3230 ἴσασιν
1056 3169 1087 3232 oi
1103 3160 1282 3249 ουμμύοται
1297 3158 1337 3230 τὸ
1353 3164 1441 3252 λεγό-

214 3253 322 3336 perosi
358 3253 421 3318 tit.
441 3253 782 3319 Gebh.'1'heod.Meie‘r
808 3259 845 3319 de
864 3256 988 3319 solemni
1013 3277 1164 3320 sacrorum
1190 3275 1288 3320 noram
1304 3258 1440 3340 prolenis

214 3351 250 3405 et
266 3343 395 3404 uondnur
411 3339 532 3404 initiatis
550 3340 754 3421 occultatione,
775 3345 803 3428 §.
814 3343 857 3406 42
868 3365 932 3426 sqq.
949 3343 997 3408 W.
1010 3345 1130 3409 Ernest.
1145 3343 1272 3408 'I'entucl
1289 3346 1329 3408 dc
1347 3346 1440 3408 disci-

219 3427 301 3520 plina
319 3428 426 3493 Arcani
445 3437 546 3491 contra
565 3427 720 3492 limanuei.
739 3451 758 3493 a
777 3430 969 3495 Sehclstrate.
1006 3431 1091 3496 Haec
1107 3432 1215 3512 igitur,
1234 3432 1260 3494 ei
1276 3431 1369 3497 altius
1386 3455 1438 3496 ex·

217 3519 398 3601 pendamus,
416 3515 621 3598 adpellationi,
639 3539 697 3600 qua
716 3539 741 3582 s.
760 3537 853 3582 ecana
869 3519 1031 3593 κοινωνία,
1054 3509 1205 3598 adscire,
1217 3519 1354 3602 inprimis
1370 3541 1437 3586 vero

216 3599 393 3688 μυστήριον
415 3606 495 3689 apud
518 3614 633 3669 veteres
660 3605 829 3686 dicebatur,
854 3627 990 3688 magnam
1013 3627 1086 3671 saue
1111 3607 1206 3670 iucem
1228 3607 1378 3674 adierunt.
1397 3643 1437 3656 -

213 3693 249 3780 ᾗ.
266 3693 297 3758 5.
319 3693 441 3772 Patres,
460 3702 557 3775 utpote
572 3693 717 3772 tostinus,
728 3693 884 3774 irenaeus,
904 3694 1043 3758 clemens
1062 3705 1116 3758 etc.
1133 3715 1237 3758 nomeu
1255 3689 1436 3778 εὐχαριστία

213 3799 272 3864 pro
287 3801 314 3846 s.
330 3781 437 3864 synaxi
461 3794 652 3863 acceperunt,
678 3803 753 3866 quae
779 3781 985 3845 denominandi
1008 3781 1301 3847 rationetustissima
1320 3795 1384 3863 est,
1406 3793 1435 3847 ut

219 3885 257 3930 ex
281 3870 416 3933 versione
439 3869 565 3953 Syriaca
587 3880 676 3954 patet.
716 3869 780 3934 Nec
804 3869 903 3948 iiiam,
937 3891 996 3952 qua
1019 3871 1188 3953 mysterium
1212 3870 1268 3933 hoc
1294 3865 1435 3954 εὐλογίαν

217 3953 341 4026 'Veteres
357 3959 503 4037 dixerunt,
527 3958 594 4022 item
614 3947 769 4037 pressaris
785 3951 927 4039 εὐλογίαν
944 3957 1099 4040 negligere
1118 3961 1269 4036 debemus,
1291 3958 1433 4042 inprimis,

220 4059 286 4105 oum
303 4037 429 4126 εὐλογία
445 4065 535 4128 saepe
552 4045 700 4109 veteribus
722 4043 802 4107 aliud
822 4046 891 4126 quid
915 4044 1073 4126 significet.
1112 4043 1266 4110 cnucinue
1288 4046 1433 4111 casuu-

213 4131 362 4195 houusr
402 4131 473 4211 „Sic
500 4127 640 4214 εὐλογίαν
667 4121 768 4214 γάμον
790 4141 880 4195 totum
904 4135 1034 4197 ordinem
1052 4134 1208 4216 ¹adpellant
1240 4135 1432 4200 consecrandi

211 4217 352 4301 nuptias,
376 4219 462 4302 eujus
484 4237 552 4300 pars
579 4229 642 4282 erat
663 4227 877 4284 sacramentum
905 4221 1116 4302 eucharistiae,
1143 4223 1220 4285 sicut
1235 4222 1327 4285 hodie
1345 4231 1392 4288 est
1406 4224 1433 4286 in

215 4306 317 4370 multis
335 4303 429 4384 locis,
454 4319 482 4368 et
500 4306 531 4366 iu
556 4307 684 4369 ecclesia
708 4308 793 4372 etiam
810 4308 986 4390 Angiicnua.
1029 4309 1224 4392 Adpellnrunt
1237 4310 1327 4374 otiam
1347 4305 1433 4376 εὐλο-

214 4394 286 4478 γίας
309 4402 409 4475 partes
433 4393 597 4454 conscerati
625 4394 730 4474 panis,
764 4417 839 4478 quas
864 4395 953 4458 moris
986 4409 1049 4461 erat
1070 4398 1102 4459 in
1133 4394 1279 4481 primitiva
1304 4400 1433 4464 eeclesia

214 4480 330 4548 mittere
346 4479 383 4545 ad
398 4477 474 4545 eiius
487 4478 643 4563 paroecias
661 4490 711 4545 aut
727 4485 764 4546 ad
781 4477 1029 4568 ἐπιδημοῦντας,
1055 4485 1252 4552 declarandae
1266 4485 1432 4553 dilectionis
