2968 4896
302 237 306 242 ³
396 282 433 346 do
448 299 611 367 ngopmm
627 293 724 370 netotp
739 281 914 404 apostolico,
1193 281 1256 357 181

22 477 118 520 naor
134 457 346 540 interpretatur
357 476 428 522 osec
443 479 565 534 ιααααα,
588 482 659 542 mooe
675 463 839 526 comedendo
855 465 939 539 domi,
957 467 984 524 ei
998 465 1060 543 poia
1076 461 1145 522 odeo
1160 461 1256 536 ίαιαα-

23 551 107 610 liano
123 556 191 608 unte
206 548 414 626 secuturarum,
441 556 471 608 ot
485 569 542 610 ooo
556 555 676 627 pomerii
691 552 846 626 ohetiaerc3
870 571 964 622 coeno,
981 570 1052 630 quoe
1067 553 1098 610 io
1114 549 1257 610 eccleciam

25 643 209 716 importata,
232 656 295 696 nom
311 636 506 698 (inhonestavit.
541 635 635 698 Nobis
651 632 732 700 ἴδιον
747 629 875 700 δεῖπνον
896 635 977 700 aliud
993 635 1064 698 nihil
1083 645 1144 712 est,
1168 654 1256 715 quam

28 721 157 804 propria
175 741 279 800 coena,
297 721 325 784 h.
343 739 485 804 e.‚'quam
502 722 625 804 quisque
643 722 688 786 rel
706 723 830 804 ipsemet
845 724 924 786 coxit
941 724 984 786 rel
1002 721 1116 804 pararit
1131 721 1256 784 autali-

30 831 96 892 quo
116 808 224 872 attulit.
254 808 321 871 Hoc
336 809 402 871 loco
420 809 561 873 dicendus
578 811 632 872 erit
646 811 793 875 attulisse.
824 812 926 893 Neque
943 830 1046 874 sumus
1063 821 1119 872 tarn
1137 807 1256 890 perspi-

28 916 146 974 caces,
172 916 260 979 quarn
283 896 339 958 init
354 895 572 976 Lightiootius,
595 908 629 960 ut
644 918 681 962 ex
699 899 758 961 illis
775 896 891 962 duobus
910 897 1006 962 verbis
1023 897 1255 962 animaduertere
1286 943 1293 952 -
1318 973 1321 978 ¹

26 985 206 1068 possimus,
234 983 302 1065 qnid
327 983 454 1047 aPaolo
478 984 667 1066 improbetur.
705 986 798 1050 Plane
822 987 1065 1050 considerandum
1090 994 1150 1062 est,
1175 985 1256 1065 qaod

28 1075 166 1150 additur,
186 1071 392 1154 unusquisque
409 1092 529 1136 coenam
546 1092 631 1136 suam
646 1067 870 1158 προλαμβάνει.
908 1073 1059 1154 vituperat
1077 1093 1158 1152 crgo,
1175 1066 1255 1153 quod

28 1160 187 1242 propriam
204 1159 329 1241 quisque
345 1179 466 1222 coenam
483 1160 655 1242 anticiparet
670 1167 757 1242 atque
775 1171 941 1243 occuparet.
974 1162 1039 1224 Non
1057 1159 1158 1240 igitur,
1175 1159 1255 1241 quod

29 1252 147 1324 ederet,
165 1268 268 1310 rerum
285 1249 362 1328 quod
379 1247 582 1328 praeripiendo
600 1259 628 1311 ct
643 1248 726 1311 solue
741 1251 919 1312 comedendo
937 1248 1093 1329 participes
1111 1249 1176 1328 ejus
1194 1265 1255 1306 nou

27 1335 159 1414 faceret,
185 1335 365 1415 quinalium
383 1328 464 1396 iduor
481 1327 608 1398 δεῖπνον
623 1337 774 1399 haherent.
811 1337 855 1398 hc
873 1341 974 1399 subest
991 1334 1122 1398 nonnihil
1138 1332 1254 1395 arnari-

27 1423 96 1499 nis,
124 1443 185 1506 quo
203 1423 307 1502 pungit
329 1421 433 1503 ipsos3
456 1422 605 1504 propriam
621 1445 690 1486 raro
708 1444 826 1486 coenam
851 1443 933 1501 esse,
958 1444 1044 1504 quam
1061 1419 1253 1484 fraternitatis
1373 1439 1376 1451 ¹

29 1511 116 1571 obliti
144 1510 294 1572 nescirent
319 1529 386 1572 esse
412 1530 604 1574 communem.
651 1511 710 1572 Sed
737 1511 811 1572 haec
835 1532 926 1592 supra
941 1513 1014 1590 ,jam
1039 1508 1253 1571 deelaravimus
1341 1551 1345 1558 .

29 1600 219 1680 nequedum
236 1596 436 1678 Lightfootius
453 1597 610 1679 quidquam
634 1597 724 1676 dixit,
748 1619 805 1680 quo
830 1608 930 1660 nostra
947 1597 1131 1660 defendenda
1147 1595 1254 1658 loreut.

28 1688 143 1748 lterum
160 1685 282 1748 ludaeis
306 1692 334 1746 et
358 1683 607 1766 paschatinationc
630 1687 774 1748 aduersus
797 1707 852 1747 nus
875 1695 1003 1766 pugnat,
1028 1693 1134 1746 eventu
1158 1681 1253 1758 nullo,
1291 1753 1303 1766 .

29 1775 144 1856 quippe
161 1792 240 1854 quae
258 1770 332 1833 nihil
356 1774 395 1834 ad
408 1793 477 1835 -rem
502 1771 682 1854 pertingunt.
721 1772 755 1836 Si
779 1773 848 1855 quid
873 1783 954 1836 extra
979 1791 1098 1834 causam
1117 1775 1251 1838 'nostrane

28 1862 172 1924 rideatur
196 1859 308 1922 moneri
326 1861 451 1938 dehere,
476 1857 549 1923 itlud
568 1871 628 1938 est,
655 1862 732 1942 quod
750 1860 871 1924 ludaeis
895 1880 1010 1922 errores
1028 1857 1128 1922 tribuit
1145 1857 1252 1938 hujus-

27 1949 121 2026 modi,
139 1947 193 2030 qui
211 1955 320 2027 negent
338 1968 390 2010 eos
407 1947 566 2010 ullomodo
583 1940 888 2011 Christianosluisse.
916 1949 990 2011 Nam
1007 1947 1082 2009 ritas
1100 1944 1252 2010 Mosaicos

27 2035 198 2100 nonnullos
214 2034 339 2097 retinere
355 2042 490 2118 poterant
511 2037 548 2098 ob
564 2055 691 2098 amorem
707 2036 793 2117 patrii
816 2035 905 2098 muris
923 2035 994 2098 nihil
1013 2034 1166 2097 oblaturos
1181 2031 1252 2098 illos

25 2122 220 2188 necessariis
244 2121 460 2185 Christianismi
484 2123 638 2204 partibus3
669 2133 700 2186 at
723 2123 979 2198 eucharistiamsi
1005 2121 1192 2187 crediderunt
1220 2119 1251 2182 iri

27 2216 158 2280 eandem
179 2209 480 2273 commemorationem
497 2232 562 2274 cum
580 2211 720 2293 paschate
736 2211 899 2274 institutam
916 2211 1025 2288 luisse,
1051 2231 1107 2272 nae
1123 2207 1253 2289 grauiter

26 2300 152 2384 impacti
172 2309 243 2362 sunt
258 2297 288 2360 in
307 2319 422 2361 errores
440 2298 582 2361 maximoe
599 2299 679 2360 circa
694 2300 885 2382 praecipuum
909 2298 1085 2361 christianae
1102 2296 1252 2358 doctrinae

27 2397 122 2472 eaput
140 2385 279 2449 absolute
296 2406 331 2446 ac
348 2385 519 2467 simpliciter
543 2408 602 2448 non
620 2405 708 2448 secus
733 2385 980 2468 interpretandum
1007 2386 1251 2464 credendumque.

28 2478 88 2540 Sed
109 2473 238 2556 propius
259 2473 318 2556 jam
335 2481 434 2536 noster
449 2475 632 2554 aggreditur.
670 2479 737 2536 Noa
752 2485 808 2548 eet,
832 2477 903 2556 qood
920 2479 1058 2549 nouimus,
1081 2477 1128 2552 qui
1144 2457 1178 2540 ile
1194 2463 1252 2547 μὲν

27 2561 127 2645 πεινᾷ
144 2584 205 2624 noa
220 2563 258 2624 od
276 2583 411 2643 μαιιμινιι
427 2563 561 2642 adplicet,
588 2572 613 2622 et
633 2545 668 2631 he
692 2556 726 2621 δὲ
744 2552 861 2639 μεθύει
879 2563 917 2623 orl
941 2563 1054 2636 dicitas,
1078 2569 1109 2621 ot
1124 2561 1252 2621 rideatur

26 2662 126 2734 potius
149 2651 191 2712 od
212 2655 323 2725 auriam
343 2659 447 2728 panton
471 2651 651 2730 adplicando.
690 2639 828 2710 Μεθύει
852 2644 889 2710 orl
903 2651 1028 2710 dodorus
1044 2654 1075 2710 ia
1097 2652 1252 2727 procoooiie

25 2748 89 2802 cuia
105 2731 342 2820 pheohotizontee
356 2739 630 2799 anteeachorietiom
645 2745 672 2796 et
687 2732 780 2816 πεινᾷ
797 2738 963 2814 adparetilee
977 2758 1034 2797 oon
1050 2747 1107 2797 tom
1123 2755 1159 2796 etc
1174 2756 1251 2814 poo-

26 2837 142 2909 portata
166 2836 193 2886 ot
215 2832 376 2897 omeoeitoto
397 2826 519 2886 inedium
542 2831 626 2886 ἰιιααι
649 2829 800 2903 patienter,
831 2845 914 2903 prom
939 2825 1011 2903 qaod
1033 2843 1145 2884 aoaoom
1167 2823 1251 2883 tolera

26 2914 374 2995 praecedoaeom'noiieot
391 2915 528 2994 amplecti.
566 2909 707 2985 Falsum
731 2929 799 2971 nam
814 2909 929 2972 Paulus
947 2910 1054 2972 diserte
1071 2909 1251 2988 interrogat:
1338 2931 1341 2937 ·

25 2994 47 3082 ἢ
70 3000 136 3082 τῆς
166 2993 330 3080 ἐκκλησίας
352 2995 424 3060 τού*
437 2995 522 3060 θεοῦ
548 3000 772 3081 καταφρονεῖτε
795 2993 849 3058 καὶ
876 2985 1083 3077 κατασχύνιτε
1107 2981 1183 3063 τούς
1206 2979 1250 3071 μὴ

27 3089 165 3172 ἔχοντας
171 3111 182 3164 3
204 3087 306 3168 Neque
329 3085 406 3148 enim
422 3086 449 3148 si
465 3084 532 3148 oolo
550 3087 646 3160 edere,
672 3105 736 3146 cum
755 3095 881 3165 possam,
908 3083 1007 3145 videor
1023 3081 1091 3144 mihi
1110 3079 1252 3162 pudefieri

28 3199 80 3254 eo,
110 3176 192 3258 qued
209 3171 285 3237 alter
301 3163 379 3250 odit3
406 3175 458 3236 sed
475 3183 552 3252 turn,
578 3190 643 3234 cum
665 3171 732 3234 volo
749 3174 836 3234 edero
853 3189 908 3234 uec
924 3173 1002 3234 uude
1020 3163 1251 3250 possim-habeo,

28 3267 178 3346 pudorem
194 3261 267 3324 alter
281 3261 395 3344 injiciet
411 3260 490 3338 mihi,
509 3260 569 3342 qui,
586 3280 652 3322 cour
668 3258 792 3322 invitare
811 3280 856 3322 me
872 3281 930 3321 non
948 3266 1057 3320 tantum
1076 3276 1128 3338 pro
1144 3255 1252 3318 hunua-

29 3353 143 3428 nirata,
172 3351 223 3411 sed
243 3370 296 3431 pro
314 3350 450 3431 quodam.
458 3348 540 3428 quasi
559 3347 657 3410 officio
674 3367 729 3410 suo
746 3343 875 3426 uetera,
900 3345 1174 3427 carniszportiunem
1190 3343 1252 3406 lar-
1379 3366 1402 3392 ν

28 3461 99 3519 gam
121 3458 190 3500 cum
208 3434 392 3499 comunioutie
411 3435 530 3498 ossihue
553 3435 584 3496 in
603 3455 637 3498 se
659 3434 742 3497 solus
766 3442 938 3498 transvoret.
976 3435 1015 3496 Et
1038 3433 1116 3496 hunc
1134 3431 1251 3513 quiden
1315 3515 1316 3518 Ἴ

29 3523 187 3592 excusarit
202 3527 238 3586 ad
262 3545 307 3586 me
332 3533 390 3586 ίαιιι
415 3523 478 3585 dira
494 3521 610 3599 iames3
633 3521 702 3584 illos
720 3522 793 3584 nihil
812 3533 932 3604 poterat,
959 3521 1008 3602 qui
1024 3521 1105 3583 finito
1123 3529 1252 3600 tempore

29 3636 63 3677 ac
80 3615 156 3676 loco
175 3613 240 3694 ejus
255 3610 350 3692 ipsius
368 3610 488 3672 unitatis
512 3631 554 3672 aa
565 3609 778 3673 communionis
797 3631 902 3686 rausa,
926 3630 985 3670 non
1009 3610 1045 3669 ad
1071 3607 1252 3670 stomachum

29 3702 208 3786 replendum
225 3709 253 3760 et
271 3701 510 3776 exsaturandum,
527 3708 733 3760 convenerant.
771 3694 907 3760 Ceterum
933 3695 1034 3757 nescio
1052 3694 1138 3774 cujus
1156 3689 1253 3778 pratia

31 3789 143 3852 dixerit
166 3789 279 3850 mollius
301 3794 480 3867 interpretari
503 3789 583 3848 licoro
604 3807 696 3850 coeam
719 3773 853 3863 pedico,
879 3783 962 3866 quoni
986 3793 1017 3843 ot
1040 3783 1078 3842 od
1100 3787 1252 3842 aermon
1301 3787 1307 3794 ’

30 3867 192 3941 ebrietatim
209 3877 382 3938 ostendatur.
419 3872 483 3936 Nisi
502 3871 624 3936 forsitan
649 3894 701 3949 eu,
726 3871 796 3953 quia
812 3873 950 3934 credebat
967 3887 1022 3930 nos
1039 3869 1158 3930 credere
1174 3866 1253 3950 huup
1333 3874 1335 3884 '

4 3963 187 4026 ‘ebrietatis
218 3961 299 4023 illum
330 3963 453 4024 abosum
486 3981 569 4034 osse,
603 3981 688 4041 quem
715 3960 942 4036 reprehenderet
965 3954 1126 4038 apostolus.
1177 3955 1252 4016 Nam

31 4051 212 4133 subjungit:
247 4051 362 4112 Videtur
384 4051 529 4130 oportolae
545 4055 576 4110 ia
591 4047 671 4130 ipeor
687 4068 786 4110 coenos
802 4053 893 4127 potios
912 4067 995 4126 qoam
1012 4046 1129 4106 chosam
1144 4045 1253 4118 iooehip

31 4149 118 4222 qaia,
142 4145 169 4200 ei
184 4158 333 4200 coecorum
348 4144 468 4199 istorum
483 4138 600 4215 croprrlo
617 4137 687 4196 illud
704 4137 813 4211 scirent,
830 4135 903 4214 qood
918 4139 1062 4214 praecipue
1077 4137 1252 4207 criminator,

31 4236 60 4290 ia
77 4249 141 4291 rem
157 4232 243 4288 iotam
258 4245 357 4288 nereos
373 4226 588 4304 radorpoitlooie
603 4243 672 4284 errae
693 4223 855 4284 intendisset
878 4223 991 4298 fortias.
1028 4219 1090 4282 Nos
1115 4208 1253 4295 μεθύειν
1296 4296 1304 4302 -

32 4318 68 4377 ad
88 4321 250 4376 extremam
268 4312 437 4375 ebrietatem
453 4320 511 4372 non
530 4307 713 4372 extendimus
730 4309 786 4370 hoc
809 4308 885 4373 loro.
926 4309 1075 4382 ethaeum,
1100 4324 1184 4386 quem
1201 4323 1252 4364 rc-

33 4403 199 4484 prehendat
214 4401 378 4482 apostolus,
403 4397 521 4461 omnino
539 4397 684 4460 credimus
703 4413 770 4459 esse
788 4397 874 4473 hunc,
893 4397 969 4478 qnod
988 4391 1119 4458 exclusis
1138 4399 1251 4474 paupe-

32 4492 134 4569 ribus,
160 4487 282 4552 ditiores
306 4490 489 4572 occupabant
505 4485 601 4548 cibum
625 4505 727 4566 suum,
753 4484 801 4570 qui
820 4506 886 4557 cura
904 4483 964 4549 illis
982 4483 1112 4546 fraterna
1130 4475 1251 4539 caritate
