2968 4896
376 200 413 262 do
428 193 585 264 arment
601 195 715 284 origine
733 209 761 264 et
775 170 945 268 mutatione.
1207 201 1269 272 lll

32 377 128 438 baud
147 393 224 438 sane
241 367 398 441 dificulter
411 371 616 457 depromes*).
654 371 712 442 Vix
734 371 827 458 igitur
841 371 936 440 dicant
954 371 1078 442 neeesse
1096 389 1157 455 est,
1182 377 1270 464 quam

34 465 150 544 magni
172 464 362 543 baptismum,
385 483 442 545 quo
458 463 539 526 illam
556 465 685 546 abstergi
704 472 854 528 crederent
869 467 1079 529 immunditiam
1096 469 1269 548 naturalem,

7 627 8 632 γ
36 552 225 634 seducenti
243 552 329 614 otiam
347 554 537 614 aestumariot
555 554 768 631 exorcismum,
794 577 896 636 quem,
920 566 952 616 ut
968 556 998 616 in
1017 578 1139 636 regnum
1159 558 1274 624 Christi

7 633 9 698 l
38 661 60 702 a
80 649 231 720 potestate
249 641 433 703 tenebrarum
449 639 477 700 tr.
497 661 522 704 o.
540 641 648 702 diaboli
665 652 693 704 et
709 641 882 722 angelorum
899 644 974 724 ejus,
992 645 1182 726 baptizandos
1199 666 1269 707 eru·

39 740 93 791 tos
114 727 318 802 transferrent,
337 727 544 805 adhibuerant.

137 815 274 879 Firmum
287 815 505 897 'firmioremque
529 811 603 880 lr'ttoo
619 826 700 880 aetas
719 815 832 878 stabilit
849 817 1056 880 exorcismum.
1094 820 1269 882 Habuerunt

40 923 130 978 vero,
158 923 249 984 quum
266 923 324 964 uon
342 907 426 965 modo
442 904 579 984 gentiles,
604 909 654 966 sed
672 905 723 966 illo
740 917 768 967 et
786 905 1122 987 Christianosorigioali
1141 908 1268 987 pollutos

41 1001 192 1072 putarent
221 999 359 1071 peccato,
390 1011 442 1072 pro
469 1006 657 1073 utrorumque
682 995 768 1054 etiam
793 994 966 1072 baptismate
992 995 1146 1056 exorcismi
1172 996 1269 1060 ritum.

43 1083 135 1158 Quod
157 1081 281 1160 probant
299 1082 387 1140 rerba
406 1080 539 1158 Optati
556 1079 698 1142 Miloni
710 1080 866 1160 tani**):
898 1083 1068 1157 „Neminem
1086 1082 1173 1162 sugit,
1190 1085 1269 1164 quod

44 1168 271 1240 omnishomo,
297 1167 346 1248 qui
366 1167 511 1246 nascitur,
536 1168 669 1248 quamvis
687 1171 722 1230 do
748 1170 918 1249 parentibus
936 1170 1102 1232 christianis
1121 1183 1269 1250 nascatur,

44 1255 115 1316 sino
134 1255 242 1334 spiritu
266 1255 413 1315 imtnundo
432 1273 498 1316 esso
518 1277 575 1316 non
595 1256 704 1336 possit,
731 1277 816 1338 quem
840 1274 965 1318 necesse
988 1258 1024 1317 sit
1049 1268 1116 1319 anto
1139 1258 1269 1322 salutaro

44 1344 205 1404 lavacrum
222 1343 260 1402 ab
277 1343 391 1404 leontino
409 1344 524 1404 excludi
545 1353 572 1404 et
588 1345 730 1423 separari.
770 1344 836 1404 Hoo
853 1344 1036 1406 exorcismus
1053 1357 1199 1424 oporatur,
1217 1366 1270 1428 pet·

47 1451 137 1514 quern
155 1430 278 1510 spiritus
296 1431 463 1492 immundus
481 1431 637 1512 rlrrpellitur
657 1443 684 1494 et
703 1432 732 1492 in
748 1428 814 1492 loca
831 1433 946 1493 deserta
964 1431 1122 1509 iuuatur.w

138 1518 179 1580 Ut
195 1538 264 1580 vero
281 1517 561 1596 augustinum,
587 1519 703 1580 uraximi
727 1517 783 1578 hac
802 1519 829 1578 iu
849 1540 882 1580 ro
900 1520 990 1580 virum
1010 1519 1144 1580 momenti
1162 1519 1269 1581 audia-

51 1627 126 1685 mus,
152 1602 299 1687 dogmate,
322 1608 398 1686 quod
416 1609 452 1668 de
470 1618 589 1687 peceato
607 1603 727 1686 protulit
742 1605 877 1684 originis,
895 1606 1055 1667 eltioaciam
1074 1627 1185 1684 noram,
1203 1627 1269 1669 ma-

51 1698 129 1758 xime
149 1695 268 1774 quidont
285 1692 442 1755 terribilem
468 1695 623 1756 exorcismi
643 1693 708 1754 ritui
728 1695 867 1754 attribuit.
909 1694 1067 1756 Contendit
1084 1695 1178 1772 enim,
1208 1715 1268 1756 nou

48 1783 149 1845 solum
164 1779 340 1847 idololatras
358 1780 528 1860 gentilium,
554 1785 606 1842 setl
624 1781 750 1842 inl'antes
768 1801 883 1862 quoque
900 1782 1071 1862 parentibus
1087 1795 1171 1844 natos
1189 1783 1269 1843 cluri-

46 1871 174 1947 stianis,
199 1889 258 1930 uon
280 1869 463 1930 exorcizatos
488 1874 543 1930 sub
567 1869 690 1948 imperio
708 1889 776 1930 esse
799 1869 986 1946 diaboliffl).
1028 1871 1152 1931 laricem
1171 1883 1268 1934 autem

45 1958 103 2020 illo
122 1979 161 2020 ex
179 1958 254 2034 ritu,
280 1957 329 2038 qui
354 1968 421 2018 tunc
441 1958 578 2038 temporis
603 1959 633 2018 in
658 1957 785 2019 ecclesia
810 1958 913 2038 peragi
934 1957 1070 2035 solebat,
1095 1959 1267 2021 sententiam

47 2067 137 2108 suam
158 2049 193 2107 tlo
210 2045 346 2126 originali
365 2056 501 2126 peccato,
527 2045 630 2108 huicce
653 2063 754 2106 omnes
771 2045 902 2119 Satanae
923 2046 952 2105 in
978 2047 1108 2107 boutiaes
1126 2057 1268 2126 potestate
1301 2121 1303 2132 Ι

48 2135 250 2216 conjunctam,
268 2141 299 2194 ut
315 2151 413 2194 voram
430 2145 633 2214 receptamque
650 2135 840 2214 comprobare
859 2135 994 2196 studebat
1004 2137 1049 2210 †).
1083 2135 1168 2208 „Non
1185 2135 1268 2197 inve·-

48 2224 167 2297 uiunt,“
186 2221 288 2302 inquit,
307 2221 374 2302 ,qui
393 2223 429 2281 arl
447 2223 501 2282 boo
520 2223 725 2301 respondeant,
743 2223 819 2301 quod
838 2221 1043 2284 exorcizantur
1060 2232 1087 2282 ot
1103 2221 1268 2282 exsufflan-

49 2323 98 2374 tur
115 2309 263 2386 iniantes3
288 2307 346 2370 lunc
370 2307 445 2370 enirn
465 2309 564 2388 procul
593 2310 680 2379 dubio
705 2307 849 2370 fallaciter
870 2309 917 2384 fir,
944 2309 970 2368 si
990 2309 1126 2369 diabolus
1146 2309 1190 2368 eis
1208 2327 1269 2370 nort

50 2399 229 2462 dominatur.
271 2395 305 2458 Si
329 2397 425 2460 autem
451 2397 631 2472 dominatur,
656 2408 683 2457 et
698 2397 764 2458 ideo
783 2417 839 2456 non
856 2394 1005 2460 fallaciter
1021 2395 1225 2456 exorcizantur
1241 2407 1269 2458 ot
1369 2468 1372 2479 ,

51 2481 257 2562 exsulllautui‚
274 2505 327 2564 per
344 2485 413 2564 quid
431 2485 595 2546 dominatur
613 2484 670 2546 nisi
687 2505 740 2564 per
757 2495 906 2564 peccatum
926 2484 1061 2564 prinecps
1079 2483 1177 2564 utiquc
1196 2503 1268 2564 pec.

50 2587 184 2637 catornm
196 2573 238 2633 ‘l“
272 2571 310 2632 Et
326 2573 383 2633 alio
401 2572 554 2650 loeo††):
588 2619 604 2648 „
615 2565 680 2652 lpst'r
697 2585 816 2634 sanctae
833 2572 978 2633 eeclesiae
994 2581 1178 2632 sacramenta
1196 2572 1269 2634 satis

51 2663 200 2737 indicant,
223 2659 364 2740 parrulos
389 2681 407 2720 a
433 2671 516 2740 partu
540 2657 624 2720 etiam
649 2659 868 2721 recentissimos
894 2679 945 2739 per
967 2659 1091 2739 gratiam
1109 2659 1216 2722 Cbristi
1233 2663 1269 2722 de

52 2749 161 2812 diaboli
180 2747 300 2811 servitio
316 2745 446 2810 liberari.
470 2748 601 2826 Excepto
620 2747 696 2807 enim
714 2751 791 2826 quod
808 2747 838 2805 in
854 2757 1039 2826 peecatorum
1055 2748 1269 2822 remissionom,

51 2859 108 2900 non
126 2833 239 2914 fallaci,
255 2837 307 2898 sod
325 2834 402 2898 lideli
422 2836 558 2916 mysterio
577 2833 769 2914 baptizantur,
787 2834 872 2894 etiam
891 2834 970 2913 prius
985 2833 1168 2894 exorcizatur
1183 2834 1212 2900 iri
1230 2835 1268 2894 iis

54 2938 82 2990 et
98 2925 277 2988 exsufllatur
294 2921 615 3003 potestascorrtr·aria.“
647 2921 698 2982 Sic
716 2922 812 2997 etiam,
831 2933 862 2980 ut
878 2921 1026 2996 ait†††):
1059 2919 1191 2997 „Vellem
1210 2921 1269 3008 ali·-

53 3015 118 3096 quis
134 3013 266 3082 istorum,
292 3011 342 3092 qui
360 3011 506 3072 contraria
523 3008 659 3088 sapiunt,
686 3007 755 3070 milti
774 3008 958 3088 parvulorum
978 3006 1103 3068 afferret.
1143 3006 1220 3084 Quid
1238 3007 1270 3068 in

53 3101 103 3163 illo
122 3102 185 3180 agit
202 3101 386 3182 exorcismus
403 3117 497 3175 ruens,
514 3099 538 3158 si
557 3097 587 3156 ia
604 3097 714 3158 fermilia
732 3095 841 3156 diaboli
860 3113 917 3156 nou
935 3094 1071 3156 teneturi
1107 3093 1173 3173 lps'o
1191 3106 1269 3180 certe

54 3189 120 3252 nrilri
145 3190 243 3250 lucrat
261 3205 458 3267 responsurus
476 3205 527 3266 pro
553 3187 652 3246 eodem
672 3185 793 3265 paruulo
808 3205 893 3264 quern
911 3191 1056 3263 gestaret,
1081 3182 1149 3262 quia
1168 3201 1218 3262 pro
1235 3197 1269 3244 se

53 3279 102 3340 ille
119 3277 300 3358 respondero
317 3295 374 3335 uon
392 3284 501 3355 posset.
534 3273 686 3351 Quomodo
705 3293 776 3352 ergo
792 3272 922 3333 dicturus
940 3283 1002 3333 erat
1020 3289 1084 3332 oum
1104 3271 1270 3332 renutrtiare

54 3365 188 3441 diabolo,
214 3364 299 3444 cujus
316 3362 345 3422 in
365 3381 398 3424 co
416 3361 609 3425 sibilasset‘l
647 3361 802 3438 Quomodo
828 3360 955 3424 contorti
981 3362 1016 3422 atl
1037 3361 1148 3436 Deum,
1171 3375 1189 3420 a
1212 3375 1269 3440 quo

54 3473 112 3516 unu
130 3459 210 3516 osset
228 3451 375 3512 aversus?
386 3454 403 3484 “
1158 3510 1164 3522 .

139 3539 292 3602 Describit
306 3536 476 3618 ceteroquin
493 3535 695 3612 exorcismum,
713 3543 746 3598 ut
760 3535 953 3598 ceremoniam
966 3531 1139 3614 baptismum
1155 3549 1271 3613 sempor

55 3630 293 3714 accedentem,
319 3626 349 3687 itt
367 3622 504 3688 Africana
521 3632 581 3684 tunt
602 3624 730 3696 ecclesia
746 3625 856 3710 ubique
875 3634 903 3684 et
920 3633 1064 3700 receptam
1084 3631 1112 3681 et
1127 3622 1270 3682 uetustis-

55 3716 157 3782 simam
168 3715 230 3795 Ἡ).
270 3714 406 3777 Nominat
429 3733 492 3774 eam
515 3713 613 3792 ignem
638 3727 753 3794 quoque
777 3710 1008 3786 exorcismi†**)
1032 3707 1113 3788 (quia
1134 3707 1271 3770 videlicet

123 3869 151 3924 *t
175 3869 212 3920 lle
232 3857 422 3936 percutior-ig.
450 3866 524 3930 (totu.
546 3866 613 3927 ld).
649 3865 688 3918 De
714 3874 785 3934 nupt.
812 3873 839 3917 et
862 3863 1009 3932 concupisc.
1034 3861 1095 3913 libr.
1121 3861 1182 3914 duo.
1206 3869 1269 3916 tom.

59 3944 98 3996 10.
120 3938 312 3992 lliinsober
332 3937 351 3987 l.
373 3952 396 3988 c.
417 3938 443 3988 l.
465 3952 490 4003 p.
511 3935 561 3988 184
578 3935 604 3987 ff.
691 3981 697 4000 ,

121 4009 167 4111 12
188 4008 225 4059 lle
245 4003 379 4058 subiciunt.
400 4002 575 4057 licentiosi.
595 4019 621 4074 p·
640 4002 682 4056 73.

124 4075 596 4214 ,e'elidii'silrf⁰1¹¹r⁰i¹llir⁹ess
613 4071 656 4124 ⁵¹·

123 4216 177 4280 †·l·)
201 4213 238 4266 lle
258 4220 359 4281 peccet.
380 4213 445 4278 orig.
465 4213 508 4266 li.

124 4283 199 4352 †††)
220 4283 258 4336 lle
277 4289 379 4350 peccat.
397 4283 483 4336 merit.
502 4287 530 4333 ot
547 4280 648 4332 remiis.
670 4278 695 4340 1,
715 4276 759 4330 62.

124 4353 230 4492 pupils
251 4359 370 4474 ηυρῑὲῦοῑ
389 4351 536 4421 concupisc.
554 4351 581 4417 2,
600 4349 644 4404 33.
663 4354 691 4402 et
708 4347 751 4414 5⁰,
772 4339 808 4418 dd
821 4353 894 4416 pecc.
914 4341 1042 4408 oric-tt.

218 4436 293 4490 rupo.
348 4457 355 4473 .
