2944 4890
156 321 164 370 3
240 277 356 342 *de
371 265 549 362 ereptare
566 274 713 342 aaronita
730 277 802 343 eunt.
819 269 979 342 etdartaua
997 271 1126 360 angue.
1263 269 1329 344 tm

195 448 235 513 Et
261 451 306 513 sir
326 451 442 534 quidem
467 455 570 534 pedem
600 451 745 534 tigamus,
779 452 953 515 testimoniis
981 474 996 514 a
1021 451 1131 516 sreniia
1160 462 1225 533 post
1245 451 1327 515 cuso

103 538 268 600 staminum
287 539 330 602 M.
351 541 448 620 petitis
467 539 603 602 rousnito
623 542 819 613 abstinentes,
845 541 992 622 quoniam,
1015 559 1102 622 quam
1121 540 1206 617 tarega
1227 559 1326 602 eurum
1401 583 1405 594 ,

104 627 235 704 messia,
266 625 462 689 ruminatione
486 628 516 688 in
541 627 671 706 liturgiis
695 649 755 689 see.
781 627 828 691 tv.
857 640 884 688 et
909 628 941 692 V.
970 639 998 687 et
1022 629 1050 688 in
1077 628 1195 706 seriptis
1222 627 1326 710 eyrtttt

103 713 269 790 Hieros-.,*)
297 715 495 795 chrysostomi
521 728 549 776 et
569 715 729 794 Augustini
756 723 909 796 suppetat,
929 714 1073 776 neminem
1094 715 1178 787 intet,
1204 715 1254 794 qui
1274 716 1327 776 iroo

103 802 270 862 studiorum
294 819 393 880 genus
418 821 544 882 unquam
564 802 755 878 deiitnanit.⁴*)
780 835 824 848 -
847 804 874 884 5.
897 801 945 864 14.
972 802 1026 864 iiis
1044 803 1083 863 ita
1102 802 1244 881 expositis
1259 802 1326 882 jure

103 899 208 948 nostro
229 893 407 950 contendere
432 890 517 950 unitis
534 891 682 961 uidemur,
707 887 1009 968 disciplinamnruani
1028 908 1095 949 rere
1112 889 1157 950 sie
1173 889 1325 950 dirundam

103 975 187 1034 eirea
205 993 315 1036 annona
338 976 399 1038 170
421 975 451 1036 in
473 977 600 1039 erotesis
625 975 785 1036 christiana
811 975 979 1058 emersisse.
1026 975 1122 1054 Cujus
1146 975 1187 1036 roi
1210 976 1237 1036 eli
1258 976 1326 1056 nois

101 1061 152 1123 uei
177 1061 299 1124 aiiunde
324 1063 524 1144 probationem
548 1061 694 1144 postulet,
722 1081 808 1122 nnana
828 1063 903 1122 itanu
921 1061 1043 1138 insuper
1057 1060 1173 1144 jnuairit
1196 1074 1326 1125 attexere

104 1147 402 1211 animaduorsionem.
441 1149 529 1212 Certo
546 1148 683 1212 videlieet
700 1161 822 1220 onustat,
841 1162 956 1210 atrones
973 1147 1041 1210 iiius
1056 1149 1230 1223 ratramniaa,
1251 1168 1325 1230 quas

102 1235 227 1315 saepius
245 1253 339 1316 supra
357 1237 519 1316 attigimus,
537 1237 605 1298 inde
623 1241 660 1298 aiu
674 1237 726 1297 iiio
740 1239 854 1298 demum
871 1249 999 1316 tempore
1012 1236 1187 1299 Christianis
1201 1236 1325 1317 impingi
1406 1233 1410 1239 ’

102 1321 314 1404 coepissem)
360 1326 445 1404 dpod
463 1323 610 1386 tustinum
627 1323 715 1386 Mart.
734 1324 830 1384 antinno
846 1341 884 1384 ne
901 1322 1049 1385 durissima
1065 1323 1181 1404 quidem
1200 1324 1325 1402 uestigia

101 1427 205 1472 aarum
234 1412 375 1485 emicant,
406 1431 472 1473 uam
498 1419 611 1487 minen,
640 1412 665 1472 ui
687 1411 748 1492 jaun
772 1429 827 1472 aua
850 1419 945 1471 aetate
965 1421 1020 1470 tam
1045 1409 1171 1472 sruiesta
1192 1409 1339 1474 ineiuora
1425 1455 1432 1464 ·

100 1495 285 1558 Ginristiaais
302 1498 417 1560 utimini
439 1501 506 1561 data
525 1498 671 1573 fuissent,
696 1517 731 1559 ea
749 1496 866 1557 sitentie
886 1497 1044 1576 praeterire
1061 1513 1245 1578 nequaquam
1269 1517 1324 1577 po·

24 1608 32 1618 ·
99 1583 217 1646 taisson.
265 1585 369 1666 Neque
393 1589 470 1666 apud
491 1585 631 1663 Celsum,
658 1584 772 1648 iustine
796 1584 912 1645 eiraiter
930 1583 1100 1664 araunium,
1121 1583 1200 1658 otia,
1221 1584 1262 1645 uti
1288 1602 1326 1648 ex

99 1671 306 1735 contutatione
321 1673 461 1752 Origenis
487 1674 585 1736 uidere
605 1672 683 1748 iieet,
708 1671 929 1751 opprobriorum
950 1672 1091 1752 ejusmodi
1117 1683 1258 1752 apparent
1276 1671 1325 1734 in-

99 1754 191 1820 dieia.
224 1759 262 1820 At
279 1769 346 1839 post
363 1779 471 1821 annum
493 1759 555 1822 170
571 1761 669 1822 nutrito
685 1759 851 1820 maiitiosae
866 1759 941 1820 istae
958 1758 1178 1820 criminationes
1194 1761 1324 1840 undique
1402 1747 1404 1764 '

98 1857 306 1925 prorumpunt.
342 1845 463 1908 flainus
487 1861 539 1909 eas
563 1849 640 1927 apud
661 1845 895 1925 Athenagoram,
916 1846 1008 1906 ieaies
1027 1847 1104 1924 apud
1125 1845 1323 1926 'i'ineophiiuuu

97 1932 216 2010 Aut.,†)
233 1931 284 2014 qui
300 1921 404 1995 teht
416 1933 479 1996 iere
497 1951 561 1995 unm
575 1934 764 2014 Athenagora
781 1943 911 2013 tempere
923 1931 1030 2009 floruit,
1049 1933 1141 1994 habes
1153 1933 1183 1993 in
1196 1925 1324 2014 epistota

96 2023 233 2080 audeatur
251 2023 448 2098 Lupdnneaetu
466 2030 495 2082 et
514 2027 678 2083 Viennensis
695 2023 731 2081 ad
751 2019 858 2082 iratres
881 2020 911 2080 in
929 2019 1058 2100 Phrygia
1079 2029 1108 2085 et
1127 2019 1197 2082 Asia
1218 2020 1322 2082 minori

98 2106 362 2184 constitutos,††)
394 2108 486 2170 inatres
514 2110 593 2188 apud
613 2105 940 2184 Tertniiianum,†††)
972 2107 1063 2167 hurbes
1091 2107 1217 2187 denique
1244 2111 1322 2188 apud

96 2193 270 2254 Minucium
295 2193 486 2272 Feiieem.†*)
528 2196 590 2257 Res
613 2194 679 2274 ipsa
704 2193 844 2274 loquitur.
889 2193 1036 2270 Quamdiu
1061 2194 1238 2255 eucharistia
1265 2215 1323 2254 non

97 2279 233 2356 renuite,
258 2291 340 2340 mure
357 2283 569 2362 mysteriorum,
596 2279 806 2341 nOitriutiaais
826 2280 1032 2358 peragebatur,
1052 2279 1181 2358 gentiles
1200 2279 1271 2340 nihii
1291 2280 1321 2340 in

96 2387 135 2428 ea
169 2365 314 2446 suspicati
346 2377 433 2444 sunt,
466 2365 591 2430 aimoino
618 2387 686 2428 uero
715 2365 744 2426 iu
766 2385 917 2427 saeuorum
947 2374 1170 2444 opertaneurum
1198 2365 1322 2428 formam

97 2463 185 2514 esset
207 2455 345 2529 rudaeta,
372 2453 584 2516 immanissima
611 2452 732 2534 quaeuis
758 2452 786 2514 oi
808 2451 953 2531 &tingere
971 2462 1147 2531 coeperunt3
1179 2471 1234 2514 nea
1257 2453 1322 2516 sine

97 2539 203 2620 aliqua
222 2539 353 2602 ueritatis
372 2541 479 2620 speeie,
500 2540 638 2624 quonium
656 2539 793 2600 nimirum
810 2549 995 2602 sacramenta
1019 2539 1084 2619 ujus
1101 2535 1197 2601 iurem
1215 2539 1321 2620 iugera

96 2625 354 2703 uidebantur.†**)
378 2661 423 2673 -
445 2625 542 2708 516.
571 2626 649 2690 Nihil
668 2647 739 2706 ergo
764 2637 818 2704 est,
845 2649 898 2688 rur
914 2625 1011 2690 sontes
1031 2626 1204 2706 disciplinae
1219 2629 1321 2690 aroani

95 2713 499 2795 longinquiusindagemus.
543 2713 590 2776 Ex
614 2713 711 2793 ipsius
730 2713 875 2774 eoeiesiae
894 2713 1072 2774 christianae
1092 2714 1254 2776 rationibus
1273 2715 1321 2775 iu-

95 2799 192 2862 ternis
212 2801 368 2880 profluunt.
414 2801 572 2882 Postquam
592 2819 662 2863 vern
681 2799 808 2862 naturali
826 2800 892 2875 itta,
914 2819 999 2880 cynara
1018 2801 1252 2876 monstrauimus,
1273 2801 1321 2862 uia

95 2898 168 2949 nata
188 2897 272 2949 eraut
293 2899 320 2948 et
338 2888 517 2949 incrementa
535 2894 674 2967 oeperunt
691 2886 774 2948 initia
794 2885 963 2959 christiano,
986 2886 1086 2964 procui
1105 2888 1194 2963 dubio
1213 2887 1321 2949 iaetata
1355 2927 1358 2933 ‹

96 2983 144 3036 est
163 2973 309 3052 erotesia,
336 2977 413 3058 quod
441 2975 588 3056 mysteriis
612 2973 755 3051 ethuiris,
783 2993 858 3055 quaa
881 2981 940 3034 tunn
966 2972 1106 3053 temporis
1125 2976 1162 3036 ab
1183 2973 1335 3036 omuibus*

104 3145 309 3160 m

81 3310 85 3314 ,
169 3247 198 3313 *i
219 3246 347 3302 Videatur
365 3209 516 3316 praesertim
536 3249 653 3302 oueaiia
670 3225 921 3316 ojus'myutagngiou
940 3246 1039 3314 quinta.

170 3333 216 3400 **)
238 3331 303 3385 Vide
324 3336 372 3386 huo
392 3335 423 3385 da
441 3351 471 3389 ra
491 3333 687 3398 casaubonum,
711 3334 729 3385 i.
751 3349 775 3384 o.
796 3349 822 3400 p.
842 3333 1000 3390 tto-tto.

169 3417 230 3483 mn⁸)
251 3417 307 3470 Nou
328 3415 395 3488 uuipn
415 3421 536 3472 assentiri
553 3435 687 3487 possumus
706 3419 738 3470 iia
755 3419 819 3469 viris
837 3419 936 3482 doctis,
959 3419 1002 3485 qui
1023 3416 1078 3485 (uti
1097 3417 1215 3484 Augusti,
1234 3417 1320 3470 Deuk-

93 3487 228 3551 wiirdig'k.
255 3503 280 3538 a.
302 3489 328 3539 1.
351 3489 409 3547 utun.
438 3489 612 3552 Aneiriioiug„
641 3487 684 3540 iV.
713 3503 738 3554 p.
759 3487 792 3538 ott
812 3491 849 3544 a.)
877 3487 932 3551 jam
957 3488 983 3537 iu
1004 3488 1090 3538 verbis
1112 3485 1187 3540 Piiuii
1207 3487 1318 3542 Secundi

94 3558 137 3620 (iu
165 3556 299 3607 notissima
327 3557 359 3607 ad
380 3553 520 3622 Trajuuum
546 3557 607 3621 imp.
633 3557 664 3606 de
685 3555 841 3608 Christianis
861 3555 984 3620 epistota)
1013 3557 1125 3622 „eibum
1146 3558 1318 3624 promiscuum

94 3627 130 3676 et·
143 3626 311 3678 inauainm“
334 3625 487 3679 allusionem
507 3625 538 3675 nd
558 3623 701 3676 calumnias
719 3624 779 3676 ilius
798 3624 998 3674 subodorautor.

168 3713 201 3774 -Η
224 3709 262 3760 ad
281 3709 451 3776 Autotyeum,
478 3711 504 3773 3,
524 3711 550 3762 1.
577 3725 602 3774 p.
625 3708 684 3760 titt.
707 3709 736 3759 B.
758 3710 799 3760 ed.
820 3707 911 3758 Coton.
1348 3739 1351 3743 -

97 3844 120 3898 G
156 3775 224 3896 b††')
249 3778 322 3843 Apud
342 3777 438 3828 Ernseb.
462 3779 522 3828 hist.
549 3777 613 3830 erui.
635 3779 660 3842 5,
682 3777 706 3828 1.
749 3772 790 3828 Gi.
814 3778 893 3828 etiam
915 3775 1086 3841 fragmentum
1106 3777 1206 3830 luennei
1226 3779 1252 3830 iu
1274 3781 1317 3832 ed.

122 3860 153 3897 ra
175 3847 237 3896 iauu
282 3847 370 3897 .4oti.

167 3914 244 3980 †††i
263 3861 405 3980 ¹'Apologos
432 3927 473 3978 up.
495 3908 564 3964 iau.
593 3913 631 3967 dui
652 3911 770 3964 nationes
790 3915 814 3978 t,
837 3912 862 3964 7.
881 3913 927 3964 ’Λᾶ
950 3928 1057 3966 uxorem
1077 3915 1104 3978 2,
1124 3916 1140 3966 1
1160 3917 1219 3968 eti
1245 3923 1271 3968 at
1291 3918 1317 3970 in

95 3982 164 4033 aliia
181 3981 339 4040 tractatibus
360 3981 464 4048 passim.

166 4047 216 4114 ψ’)
245 4047 402 4110 Octaviam,
433 4063 473 4113 ep.
493 4047 519 4098 9.
539 4047 669 4113 patu,
695 4063 735 4113 up.
754 4047 798 4102 28.
824 4063 850 4113 p.
867 4048 917 4101 tou
931 4063 968 4100 uu.
987 4049 1029 4100 ed.
1047 4048 1164 4102 Celtarii.

165 4115 228 4181 ψ)
251 4115 294 4166 Sio
315 4115 487 4166 ratiocinatur
506 4113 636 4166 Caecilius
657 4115 723 4180 apud
742 4113 882 4166 Minucium
902 4117 1025 4179 Fetinenn,
1045 4117 1195 4184 Octauiam,
1215 4136 1255 4186 op.
1273 4120 1314 4172 10.

91 4204 120 4254 p.
142 4185 176 4236 30
195 4199 233 4236 at
258 4183 331 4248 „Cur
348 4183 442 4232 etenim
460 4183 592 4233 occultare
610 4191 636 4233 et
655 4183 813 4233 abscondere
832 4185 954 4251 quidquid
973 4185 1036 4238 iliud
1056 4189 1145 4239 nolunt
1163 4203 1317 4252 magnopere

92 4255 233 4314 nituntur,
264 4267 321 4300 eum
347 4251 454 4309 honesta
479 4265 581 4316 semper
604 4251 706 4317 pubiieo
727 4251 872 4313 gaudeant,
900 4251 1001 4304 seelera
1028 4263 1129 4310 secreta
1154 4257 1226 4308 etuti
1263 4254 1317 4306 Cur

92 4321 182 4372 nutias
202 4333 263 4369 aras
282 4319 388 4380 hubent,
414 4319 509 4384 tempta
528 4318 608 4380 untia,
636 4317 705 4368 uuita
726 4325 786 4368 uota
804 4319 955 4384 aimuiuura,
977 4338 1113 4390 numquam
1132 4323 1216 4388 patum
1235 4321 1315 4388 ioqui,

92 4399 235 4453 numquam
254 4386 336 4436 iibere
355 4387 517 4448 congregari,
538 4385 586 4436 uisi
605 4385 679 4448 iilud,
700 4387 766 4451 quod
786 4387 875 4438 uniunt
892 4397 919 4440 et
937 4391 1127 4457 interprimunt,
1149 4396 1194 4440 aut
1209 4390 1316 4456 punien-

93 4451 475 4520 domeatautpudeudum‘i“
504 4451 544 4503 Gi.
561 4467 661 4519 quoque
675 4453 758 4506 luoum
773 4469 814 4522 up.
829 4454 855 4507 u.
872 4473 896 4524 p.
911 4459 955 4516 28.
971 4473 1049 4525 supra
1064 4457 1181 4508 attatum.
1263 4489 1270 4496 -
1315 4461 1316 4469 ’
