2944 4890
514 287 554 350 de
574 282 795 353 'l'raditoribua
877 325 879 332 ,
1200 285 1266 352 ³2⁷

41 462 126 541 inde,
145 434 271 527 maxime
286 458 410 525 idoneos
426 457 494 527 ilios
513 461 609 524 fnisse
625 462 739 540 modos,
764 481 817 544 per
832 482 905 544 qnos
922 460 990 524 libri
1008 470 1144 544 poterant
1161 462 1265 526 occul-

42 550 112 615 tari.
160 550 226 620 Non
253 549 507 631 jamproferam,
542 551 628 614 etiem
661 560 744 614 extra
773 550 987 630 persecutionis
1021 551 1157 632 publicae
1189 560 1264 614 teur-

42 659 120 720 pura
139 659 197 702 acu
217 638 247 698 in
268 637 423 719 propatulo
449 650 536 720 atque
561 648 661 721 aperto
680 635 764 716 locu,
791 638 891 700 sedin
914 659 1023 701 arcano
1050 651 1077 701 et
1102 641 1262 702 secretario

43 725 193 788 collocata
216 723 312 788 fuisse
337 725 368 788 S.
388 725 420 790 S.
446 725 609 804 volumina,
643 728 720 808 qnod
747 725 862 806 quidem
887 737 914 788 et
938 727 1084 788 Lactantii
1110 730 1158 810 (de
1175 751 1210 791 m.
1233 751 1262 810 p.

42 814 376 891 c.l2.)1rerbadocere
390 813 534 888 rideatur,
550 836 616 876 curn
627 814 710 876 initia
727 813 940 896 persecutionis
955 835 1096 876 enarrans
1112 813 1188 876 inter
1203 818 1263 880 alia

42 901 156 984 inquit:
172 905 351 967 rimulacrurn
363 909 417 966 Dei
433 909 588 985 quemdum
603 910 760 984 scripturae
773 914 896 984 repertae
909 905 1110 978 incendantur:
1122 906 1174 965 sed
1188 904 1262 966 illud

42 992 145 1072 potius
173 995 421 1067 commemorabo,
449 993 572 1053 durante
596 991 662 1072 ipsa
699 991 904 1070 persecutione
928 991 1027 1052 Cirtae
1053 991 1083 1050 in
1113 991 1261 1072 Numidia,

41 1101 106 1142 cum
122 1089 230 1142 uentum
246 1089 316 1144 erret
339 1085 369 1141 ia
393 1081 598 1157 bibliothecam,
624 1086 735 1142 iuuenta
751 1085 781 1142 ia
799 1083 920 1141 triclinio
939 1081 1028 1155 fulera
1048 1089 1168 1160 quotuor
1185 1083 1261 1142 dolia

40 1178 68 1228 et
86 1187 170 1228 arone
192 1186 260 1242 sea,
291 1187 328 1227 ex
352 1165 459 1247 quibus
483 1167 586 1229 deiude
604 1166 759 1238 Catulinus
783 1165 892 1248 aliique
915 1167 1069 1230 traditores
1087 1171 1262 1248 preterierant

40 1261 229 1318 instrumenta
245 1257 392 1328 dominica,
408 1261 491 1318 etiam
507 1278 577 1336 quae
589 1258 730 1334 dilipcuter
741 1257 856 1332 fuerant
869 1259 1015 1330 occultata,
1032 1265 1064 1317 ut
1074 1255 1260 1334 Augustinus

40 1343 82 1406 ait
99 1347 196 1422 (epist.
214 1347 299 1406 um.
316 1344 358 1404 ed.
376 1345 539 1422 maudiut).
571 1343 673 1424 Neque
690 1351 800 1406 tantum
819 1342 897 1405 eirca
915 1344 1032 1406 codices
1049 1361 1151 1404 saeros
1169 1365 1261 1404 occu-

40 1440 140 1510 patam
165 1430 240 1492 banc
264 1429 487 1492 occultationem
511 1430 607 1492 fuisse
631 1431 808 1492 credendum
836 1441 895 1503 est,
921 1433 973 1491 sed
996 1430 1075 1492 circa
1093 1429 1153 1490 alia
1173 1431 1269 1510 etiarn¹

40 1516 190 1580 eeclesiae
210 1536 304 1592 sacra,
328 1517 499 1597 praesertim
518 1539 586 1580 rere
604 1529 668 1580 acta
686 1527 714 1578 et
731 1537 801 1579 assa
816 1527 984 1599 martyrum.
1020 1517 1106 1579 Certe
1124 1517 1154 1577 in
1172 1517 1259 1581 doliis
1335 1565 1340 1571 -

39 1605 111 1668 aliur
140 1605 274 1684 sepultas
297 1603 392 1668 luisse
417 1616 446 1668 ct
463 1605 596 1667 homines
621 1616 648 1668 et
671 1604 780 1680 libras,
815 1626 874 1666 non
899 1617 1009 1666 tantum
1034 1605 1148 1666 Numae
1175 1609 1260 1668 docet

39 1692 220 1772 exeruplum,
236 1695 287 1754 sed
306 1703 332 1754 et
347 1692 466 1758 schema
478 1693 644 1776 hujusmodi
657 1692 827 1774 sepulturae
840 1693 959 1755 exhibet
970 1691 1083 1762 Paulus
1096 1693 1258 1772 Aringlnius
1336 1751 1341 1763 „

37 1783 81 1860 (in
99 1789 194 1844 Rama
211 1783 389 1844 rrrbmrronea
408 1789 442 1844 Τ.
458 1789 501 1846 11.
526 1805 555 1863 p.
572 1781 657 1860 245.)
680 1789 708 1844 et
727 1783 803 1862 quod
823 1783 859 1842 ad
878 1793 1036 1861 martyrum
1055 1792 1121 1841 acta
1137 1793 1258 1861 spectat,

37 1870 116 1933 ideru
136 1867 303 1949 Ariuglrius
329 1871 388 1950 (lib.
406 1876 452 1934 ait.
471 1877 504 1932 Τ.
522 1877 547 1934 Ι.
571 1893 600 1952 p.
622 1871 692 1931 148.
716 1868 744 1950 ξ.
760 1872 790 1930 d.
810 1880 835 1930 et
856 1892 885 1950 p.
907 1871 976 1932 169.
1000 1871 1028 1953 §.
1045 1871 1097 1932 28.
1116 1871 1182 1946 29.)
1208 1871 1258 1932 ubi

38 1979 108 2020 rere
128 1959 221 2038 probe
246 1959 476 2033 obsecrandum,
504 1978 562 2020 non
588 1957 774 2020 ordinariam·
791 1956 840 2018 hic
869 1955 996 2037 intelligi
1021 1956 1256 2037 occultationem,

37 2066 114 2127 quae
131 2047 188 2107 sub
204 2045 265 2108 aris
281 2028 359 2108 facta
375 2047 496 2120 estred
513 2044 784 2122 extraordinariam,
800 2065 838 2106 ne
854 2046 969 2108 scilicet
985 2045 1257 2126 apersecntoribus

36 2133 106 2194 libri
122 2133 201 2195 sacri
218 2143 246 2195 et
262 2132 458 2194 ecclesiastici
474 2133 669 2198 auferrentur.
696 2134 829 2196 Eandem
847 2131 1070 2196 occultationem
1087 2134 1117 2194 in
1135 2135 1256 2210 anpulis

38 2241 156 2303 quoque
172 2219 235 2282 fieri
253 2219 379 2298 solitum,
398 2223 556 2284 ostendunt
571 2223 672 2284 eadem
688 2230 776 2300 gesta
791 2225 870 2302 apud
882 2223 1086 2302 Zenopirilum,
1103 2222 1255 2302 inquibus

37 2315 56 2372 t.
76 2332 100 2372 r.
132 2306 275 2373 Silvanus
299 2306 488 2390 capitulatam
513 2319 542 2372 et
559 2309 711 2372 lucernam
736 2319 894 2387 argenteas
920 2320 983 2390 port
1002 2333 1097 2374 orcum
1119 2319 1256 2374 inuenisse

39 2397 158 2460 dicitur.

126 2482 182 2560 27)
200 2483 369 2564 Supersunt
381 2484 510 2566 profecto
523 2482 657 2564 exempla
668 2501 779 2558 eorum,
798 2501 871 2564 quos
886 2491 913 2544 et
924 2483 1083 2547 memoriae
1094 2489 1255 2554 mandasse

37 2582 66 2636 et
85 2592 124 2634 ex
140 2573 239 2633 eadem
258 2573 398 2634 recitasse
415 2572 448 2636 S.
465 2571 497 2634 S.
515 2570 691 2644 uniuersam,
709 2578 838 2632 veterum
856 2571 937 2632 multi
955 2576 1081 2636 tradunt.
1112 2575 1254 2640 Celebres

36 2661 94 2721 hac
118 2658 148 2720 in
169 2668 249 2740 parte
267 2679 337 2740 prae
355 2659 432 2737 aliis,
453 2679 573 2740 quorum
592 2657 736 2738 plurimas
754 2656 909 2720 Palladius
927 2660 957 2721 in
973 2665 1092 2724 lrietariu
1110 2671 1255 2728 Lauriucu

36 2749 167 2819 exhibet,
186 2747 421 2810 nominanturS.
441 2746 646 2808 Antoninslll.
664 2745 793 2808 Abbas
784 2747 998 2824 ruThcbaide,
1017 2750 1162 2828 Hilarior,
1182 2755 1254 2814 Arn-

35 2835 327 2912 mediomatricus,
350 2835 499 2898 lohannes
517 2833 638 2916 aliique,
659 2853 733 2914 quos
752 2841 862 2895 tantum
878 2835 1010 2898 ualuisse
1027 2840 1166 2900 memoria
1185 2862 1254 2922 per·

34 2923 140 2984 bibent
159 2929 311 2996 auctores,
344 2933 375 2984 ut
401 2923 445 2984 rel
470 2923 614 3002 integram
634 2921 815 3001 Scripturam
840 2921 887 2983 rel
912 2926 986 2984 benc
1012 2944 1148 3003 uragnarn
1172 2927 1254 2991 illius

35 3021 148 3092 partem
179 3009 303 3072 recitare
331 3011 493 3091 potueriat,
528 3013 606 3072 undo
632 3029 748 3090 quoqne
778 3002 1049 3089 ἀποστηθίζοντες
1079 3014 1165 3090 dicti3
1196 3017 1255 3081 rid.

33 3098 233 3177 Bingbemum
265 3099 361 3177 (Orip.
387 3102 461 3160 Eccl.
478 3096 509 3175 3,
532 3121 561 3178 p.
579 3099 658 3160 762.
693 3097 722 3172 5,
742 3118 774 3198 p.
796 3098 921 3175 tfisse.)
964 3099 1101 3161 Nostrum
1123 3101 1170 3162 hic
1195 3125 1277 3166 non.

34 3194 98 3263 est,
126 3185 157 3248 in
175 3185 258 3250 tidem
275 3185 379 3248 baram
403 3206 500 3248 rerum
524 3205 648 3265 operose
667 3183 833 3265 inquirere,
858 3206 923 3246 cum
944 3185 1064 3266 perinde
1082 3190 1169 3250 nobis
1188 3211 1254 3254 esse

33 3277 152 3352 debeat,
169 3295 255 3354 quam
273 3275 397 3356 quisque
409 3272 507 3336 foreat
518 3276 553 3340 de
565 3271 619 3334 iiia
632 3293 662 3334 re
675 3272 856 3354 opinionem,
873 3273 900 3334 si
914 3274 1000 3336 etiarn
1014 3280 1253 3360 concederemus,

31 3362 97 3424 fieri
112 3381 170 3422 non
188 3361 283 3424 solum
303 3363 444 3442 potuisse,
460 3363 512 3422 sed
530 3361 680 3423 etinctum
698 3381 773 3437 esse,
792 3367 823 3422 ut
838 3361 970 3424 nonnulli
990 3365 1119 3428 codicem
1135 3388 1254 3432 sacrum

33 3448 195 3522 memoriae
214 3449 391 3524 tradiderint,
408 3450 436 3510 id
455 3459 550 3512 taurea
566 3452 691 3511 durante
709 3448 883 3512 Diocletiani
901 3452 1106 3530 persecutione
1121 3456 1253 3518 exerceri

32 3538 170 3618 potuisse
187 3558 256 3600 ¹rero
274 3559 334 3598 non
358 3537 555 3611 videturesse
575 3537 680 3602 simile.
726 3537 763 3600 Ut
787 3538 863 3600 enirn
882 3538 1039 3618 improuisa
1062 3543 1136 3603 lraec
1154 3542 1210 3604 fnit
1226 3553 1254 3605 et

31 3625 248 3706 inexspectata,
272 3625 314 3688 ita
330 3624 393 3688 fieri
410 3645 468 3686 non
486 3626 588 3704 potuit,
610 3636 642 3686 ut
658 3628 694 3686 ab
714 3645 748 3687 eo
766 3627 863 3692 statim
883 3639 1036 3704 momento,
1062 3651 1118 3708 quo
1138 3629 1252 3692 initium

30 3713 87 3775 illa
103 3713 219 3774 vexatio
238 3713 322 3793 cepit,
341 3712 488 3794 scriptura
501 3714 699 3788 edisceretur3
717 3735 813 3794 neque
829 3715 922 3794 potuit
933 3715 1017 3776 etiarn
1033 3715 1085 3776 iffa
1097 3719 1252 3783 memoriae

31 3801 151 3862 traditio
170 3803 207 3862 ob
225 3799 307 3862 illius
323 3801 502 3882 iniquitatem
520 3801 658 3876 flagitari,
676 3822 771 3883 neque
789 3801 956 3882 promiscue
972 3805 1009 3864 ab
1028 3804 1162 3866 omnibus
1182 3805 1251 3885 peti,

31 3891 85 3950 sed
103 3909 122 3950 a
139 3887 322 3954 felicioribus
343 3896 452 3952 tanturn
469 3889 598 3967 ingeniis
622 3888 667 3950 rel
686 3889 723 3951 iis
743 3911 868 3971 quoque,
887 3892 994 3972 quibus
1014 3892 1125 3954 externi
1143 3913 1252 3958 sensus

32 3975 181 4038 defectum
201 3977 357 4040 memoriae
381 3978 606 4057 promptitudine
622 3977 705 4038 Dens
729 3998 919 4058 compensare
936 3977 1037 4041 voluit.
1083 3981 1167 4044 Licet
1183 4003 1252 4044 rero
1319 4050 1324 4064 Ι

31 4064 153 4146 penitus
170 4086 280 4144 negare
294 4065 403 4151 uelim,
423 4064 555 4128 extitisse
573 4065 722 4140 homines,
744 4066 791 4146 qui
810 4076 865 4126 tarn
884 4066 966 4128 felici
985 4069 1125 4131 memoria
1141 4070 1252 4134 fuerint
1353 4139 1357 4145 ,

29 4152 142 4234 gavisi,
163 4153 299 4214 cantione
324 4163 419 4215 tamen
439 4153 567 4216 maxima
586 4173 660 4234 opus
683 4172 750 4214 esse
767 4153 900 4231 arbitror,
924 4177 961 4218 ne
974 4157 1056 4239 justo
1074 4157 1201 4220 leviores
1220 4159 1252 4218 iu

29 4240 190 4304 credendis
209 4241 376 4322 hujusmodi
395 4243 485 4304 rebus
505 4243 608 4318 siufus,
629 4261 752 4321 quarum
770 4243 892 4320 saepius
910 4245 1048 4308 vacillare
1065 4247 1137 4310 fides
1155 4247 1250 4308 biste-

27 4329 103 4404 riea,
125 4337 176 4390 aut
193 4328 280 4407 plane
297 4328 382 4392 etiam
400 4327 505 4392 fallere
523 4333 560 4392 ob
579 4329 686 4392 factam
704 4329 940 4410 depravationem
957 4332 1042 4394 solet.
1080 4335 1181 4396 Saltim
1201 4333 1250 4396 rix

28 4436 89 4494 ego
115 4416 305 4494 crediderim,
329 4417 449 4480 multum
474 4416 541 4482 fidei
565 4419 748 4480 tribuendum
773 4437 841 4480 erse
861 4418 1004 4500 ejusmodi
1027 4413 1247 4496 iracundiam,

27 4523 98 4566 cnm
117 4503 238 4568 tutiores
257 4505 405 4570 adfuerint
420 4506 508 4586 arodi,
535 4528 587 4590 per
604 4525 679 4588 qnos
697 4505 795 4572 divina
811 4507 923 4572 serrari
940 4507 1060 4572 oracula
1075 4509 1112 4566 ab
1129 4504 1249 4568 interitu
