2944 4890
1185 3 1421 11 -ἥ,
1430 6 1443 9 ,Α

319 183 356 250 de
370 185 480 252 rotenis
495 185 569 254 ecel.
588 187 667 253 eirea
683 189 870 272 poenitentes
885 190 996 274 rigore.
1193 195 1263 262 ²⁹3
1343 154 1349 166 .

39 359 184 438 fulmina,
208 335 295 442 ιιιιιιιι
319 361 449 426 salutare
472 385 510 427 ex
533 366 657 428 adverso
675 373 704 428 et
726 365 890 447 prolicnurn
909 370 1032 432 crimine
1048 368 1263 450 laborantibus,

40 451 172 598 ιιίιιιιιΗ
158 459 189 512 ut
209 449 392 532 reipublicae
419 450 552 526 civibus,
579 473 645 515 enm
669 454 799 517 ecelesia
823 457 1000 518 rediissem
1024 457 1149 538 gratiam
1172 457 1263 522 lacilo
1346 529 1355 546 ι

39 539 103 600 inte
131 536 233 614 igitur.

133 623 218 688 ll..7
244 625 571 708 Deindulgentia
596 629 903 711 poenitentibus
927 630 1044 693 lacta.
1069 630 1097 714 §.
1116 633 1145 696 1.
1171 633 1262 695 Cete

36 735 105 775 rom
128 714 164 774 ad
184 733 389 794 quamcunque
417 717 503 777 etiem
523 717 707 780 severitatem
727 718 791 780 acri
815 717 897 782 illius
917 719 1074 799 disciplina
1091 721 1261 800 accesserit,

36 822 100 862 non
136 802 211 862 adeo
239 813 335 863 temen
368 810 487 866 tenaces
513 823 636 886 semper
652 804 736 866 foere
763 807 945 868 decretorum
973 827 1093 868 suorum
1116 806 1262 872 ecciesiae

36 892 187 964 doctores,
210 888 280 970 quin
305 888 427 952 crimina
446 891 565 973 publice
581 892 749 954 dolentibus
765 913 856 974 saepe
874 893 904 953 iu
920 895 1117 974 poenitentiae
1132 897 1263 958 decursu

35 973 257 1054 indulgentiam
275 975 401 1038 iecerint
417 988 445 1040 et
461 981 497 1040 de
515 990 656 1042 consueto
673 980 771 1060 rigore
788 980 962 1060 remiserint,
983 981 1046 1044 sire
1064 985 1140 1064 quod
1157 984 1262 1064 poeui‘-

37 1064 167 1127 tentiam
201 1061 327 1144 plurium
358 1083 501 1154 annornm
533 1067 723 1148 paucioribus
757 1067 1056 1150 circumscripserint,
1091 1070 1154 1132 sire
1182 1073 1261 1152 quod

36 1172 204 1234 poenarum
220 1154 334 1232 gradus
351 1141 509 1216 minuerint
524 1164 611 1236 atque
627 1157 701 1218 adeo
717 1156 909 1260 poenitentes,
926 1177 984 1218 uno
999 1155 1129 1219 alterove
1144 1157 1262 1220 illorum

36 1240 156 1318 relicto,
179 1260 215 1300 ex
239 1239 371 1301 inleriori
389 1241 485 1303 statim
503 1245 539 1304 ad
556 1263 699 1304 summum
717 1243 808 1306 erecti
825 1241 956 1305 locunt.
982 1244 1117 1306 Fuerunt
1133 1245 1261 1348 omniun,

36 1349 117 1410 quae
139 1347 262 1408 poenam
289 1327 435 1390 interdum
462 1326 592 1410 mitigari
611 1331 763 1411 jubebant.
809 1331 877 1393 Huc
895 1330 1050 1394 referenda
1075 1333 1260 1414 poenitentis,

34 1417 87 1498 qui
105 1415 224 1494 lapsum
240 1413 373 1495 lugebat,
392 1416 533 1496 dignitas.
560 1417 762 1480 Theodosium
780 1417 824 1479 Μ.
840 1418 1043 1498 imperatorem
1061 1430 1126 1500 post
1142 1422 1262 1482 caedem

33 1500 351 1580 Thessalonicensem,
372 1504 515 1585 qnando
505 1503 638 1567 immisso
657 1525 675 1567 a
691 1504 861 1566 Theodosio
878 1505 969 1566 milite
987 1509 1023 1567 ad
1040 1517 1150 1588 septem
1169 1507 1261 1570 millia

32 1589 363 1669 Thessalonicensinm,
384 1611 475 1654 sexus
498 1591 602 1667 omnis,
622 1592 717 1654 omnis
737 1591 851 1670 aetatis,
870 1591 1017 1654 horrenda
1041 1605 1142 1672 strage
1160 1595 1261 1674 perie-

32 1690 112 1752 rant,
136 1681 174 1740 ab
192 1679 357 1756 Ambrosio,
375 1677 539 1741 Mediolani
558 1679 660 1760 episc,
686 1677 832 1742 ecclesiae
850 1680 933 1741 aditu
950 1689 1014 1741 octo
1032 1681 1140 1742 mensis
1156 1681 1260 1762 prolri-

33 1768 142 1845 bitum,
160 1777 263 1846 postea
279 1765 451 1848 supplicem,
468 1787 599 1848 purpura
617 1778 644 1830 et
658 1787 767 1828 corona
782 1767 924 1848 deposita,
942 1777 1007 1848 post
1022 1767 1171 1850 praeviam
1186 1789 1260 1829 oon-

34 1854 204 1917 fessionem
239 1863 268 1916 ct
296 1855 489 1935 poenitentiae
522 1853 767 1934 significationem
793 1854 940 1935 publicam
965 1856 1000 1916 ad
1028 1855 1261 1920 communionem

33 1941 200 2004 admissum
217 1939 312 2004 luisse
329 1953 453 2019 constat,
471 1962 524 2003 nec
544 1952 639 2004 tamon
657 1943 687 2002 in
701 1945 812 2022 gradus
827 1941 1002 2024 expiationis
1016 1953 1083 2004 ante
1097 1945 1259 2046 detrusum,

32 2033 69 2092 ad
107 2049 184 2111 quos
214 2026 289 2090 alias
320 2029 459 2092 adstricta
484 2029 581 2092 luerat
606 2029 759 2091 criminum
784 2033 858 2092 adeo
884 2029 1043 2092 enormium
1071 2030 1260 2110 poenitentia

34 2117 144 2179 Testis
163 2125 206 2178 est
229 2124 344 2197 praeter
361 2117 555 2178 Sonomeunm
580 2116 873 2197 bist.eoel.7,25.,
899 2117 1006 2198 quiex
1021 2117 1171 2202 veteribus
1186 2119 1260 2179 Arn-

33 2203 131 2267 brosii
150 2202 237 2266 vitam
255 2205 419 2284 descripsit,
437 2205 646 2268 Paulinus-
610 2207 695 2289 -§.
711 2205 747 2268 2.
760 2161 873 2268 llabita
885 2206 1259 2307 deindosexusetstalus,

32 2292 140 2355 habita
159 2291 244 2353 etiam
261 2292 391 2354 oeulis
382 2314 412 2352 ιι
430 2292 611 2372 mitigatione
628 2313 788 2373 poenarum
805 2291 953 2352 rabiosi
970 2312 1058 2393 porro
1075 2291 1259 2394 poenitentes

32 2379 203 2444 vehementi
221 2381 257 2440 ob
274 2381 384 2442 crimen
402 2380 589 2441 commissum
606 2378 708 2440 dolore
724 2379 935 2452 cruciarentur,
952 2379 977 2438 si
995 2377 1145 2457 patientia,
1161 2378 1259 2458 gemi-

33 2470 135 2544 tibus,
165 2463 312 2568 lacrymis,
337 2467 423 2528 bonis
441 2466 595 2548 quibusvis
615 2467 755 2546 operibus
776 2465 903 2526 animum
926 2465 996 2526 lacti
1016 2465 1210 2545 poenitentem
1231 2473 1260 2526 et

33 2555 125 2620 valde
143 2555 296 2616 contritum
314 2563 499 2632 testarentur,
517 2564 586 2615 tunc
602 2556 638 2614 de
654 2553 838 2633 graduum
815 2573 914 2631 rigore
931 2552 1096 2631 remissum,
1114 2573 1260 2616 concessa

34 2641 190 2746 episeopis
210 2650 362 2742 potestate,
382 2641 576 2722 poenitentiae
593 2650 707 2721 tempus
728 2638 931 2715 contrahendi,
950 2637 1008 2706 cori
1025 2647 1188 2720 conceperis
1203 2629 1260 2702 τὸν

33 2723 162 2813 χρόνον
174 2727 232 2807 τῆς
250 2721 430 2806 peractione,
462 2739 490 2790 et
517 2749 554 2792 ex
579 2731 725 2809 graduum
747 2727 880 2790 inferiori
907 2728 1091 2806 poenitentes
1118 2727 1258 2827 cpntritos

33 2815 183 2881 erehendi
209 2819 245 2878 ad
271 2836 432 2895 summunt,
461 2836 547 2898 quam
567 2815 780 2895 indulgentiam
808 2816 1004 2891 οἰκονομίαι,
1030 2807 1211 2914 συιιιώιιιιι
1230 2822 1259 2876 et

32 2901 283 2983 φιλανθρωπίαν
316 2923 445 2972 canones
469 2904 570 2984 graeci
599 2915 713 2966 vocant.
757 2903 850 2963 Facta
876 2901 972 2962 luerat
1002 2902 1076 2961 haec
1106 2898 1256 2980 episcopis

34 2992 126 3074 eopia
146 2990 392 3055 canonibus'bet
411 2993 449 3054 12
468 2991 616 3075 ancyrani
640 2988 808 3052 etNicaeni
827 3007 943 3061 conec,
965 3006 1030 3047 can.
1052 2984 1259 3051 retondat

32 3077 167 3162 epistoll.
180 3079 387 3142 canonicarum
403 3079 504 3141 Basilii
521 3090 549 3140 et
561 3077 697 3181 Gregprii
710 3076 850 3158 Nysseni,
867 3073 947 3138 illius
956 3077 999 3136 ad
1014 3071 1257 3154 Amphilochium,

31 3169 128 3273 liujus
146 3169 184 3228 ad
200 3166 345 3244 iminium,
369 3165 588 3229 Melitinensem
605 3166 697 3246 episc.
734 3163 919 3240 Ulterius,
895 3183 920 3224 sr
940 3183 976 3224 ex
993 3162 1142 3242 lapsorum
1161 3160 1258 3222 reditu

30 3255 159 3335 insigne
186 3254 215 3315 in
241 3254 396 3316 ecclesiam
424 3257 610 3317 redundaret
626 3252 867 3355 emolumenturn,
900 3249 1073 3330 disciplinae
1099 3247 1257 3310 severioris

18 3334 112 3410 ‘adeo
130 3341 274 3404 interdum
292 3340 373 3403 obliti
388 3341 474 3405 luere
491 3345 634 3419 doctores,
654 3351 694 3418 nt,
715 3361 765 3422 qur
756 3339 857 3402 alias
873 3337 985 3400 ferendi
1005 3347 1087 3400 erant
1102 3334 1257 3398 luctuosae

33 3430 237 3536 poenitentiae
254 3430 384 3507 labores,
403 3449 454 3491 eos
471 3430 662 3492 redeuntibus
680 3447 781 3490 omnes
799 3425 1035 3489 condonaverint
1055 3415 1143 3486 Hunc
1159 3423 1258 3484 eccle·

33 3521 103 3583 siae
123 3516 253 3580 favorem
273 3526 390 3598 praeter
407 3517 599 3599 Trophimnm
619 3517 731 3597 experti
751 3515 911 3590 Maximus,
936 3515 1084 3588 Urbanus,
1104 3510 1257 3588 Sidonius,

34 3607 212 3684 Macarius,
237 3605 439 3681 confessores,
466 3608 502 3666 ab
527 3625 627 3667 errore
644 3604 873 3667 Noratianornm
897 3604 933 3662 ad
954 3601 1093 3662 unitatem
1113 3598 1258 3660 ecclesiae

34 3701 231 3758 revertentes.
275 3693 308 3755 Si
333 3703 485 3773 practerea
502 3692 715 3774 persecutionis
732 3693 859 3754 verenda
875 3699 1032 3771 tempestas
1050 3689 1130 3748 etad
1149 3696 1259 3767 marty-

32 3784 117 3845 rium
138 3782 316 3842 accendendi
336 3789 435 3843 esseut
450 3779 602 3860 lapsorum
620 3780 718 3855 animi,
743 3779 790 3840 las
809 3797 924 3860 qnoque
942 3785 1004 3838 erat
1019 3795 1164 3836 canonum
1183 3779 1259 3835 tem·-

33 3879 144 3954 perata
168 3868 339 3945 severitate,
359 3869 435 3948 qnod
454 3870 550 3930 adbuc
568 3868 721 3931 ferendum
740 3877 802 3928 erat
819 3863 1014 3946 poenitentiae
1032 3883 1124 3939 onus,
1151 3863 1259 3942 poeni.

33 3965 135 4022 tentes
152 3959 254 4019 eodem
275 3955 414 4018 liberare.
459 3958 502 4020 lta
523 3955 618 4018 visum
641 3955 697 4018 luit
713 3955 860 4037 Cypriane
878 3951 907 4012 in
927 3971 991 4034 syn.
1008 3951 1148 4030 carthag.
1166 3948 1204 4013 ll.
1226 3953 1260 4012 ut

34 4067 76 4110 ex
95 4045 338 4108 antecedentibus
355 4052 478 4106 constat.
507 4044 641 4106 Tandem
659 4042 744 4105 etiam
761 4041 853 4121 lapsis
870 4039 899 4100 in
917 4038 1113 4120 poenitentiae
1130 4039 1259 4100 decursu

34 4158 52 4197 e
73 4137 177 4194 inorbo
194 4132 445 4208 decumbentibus,
463 4153 499 4194 ne
515 4133 611 4193 animo
630 4131 827 4206 conciderent,
843 4145 917 4208 pace
933 4125 1075 4188 maturius
1092 4129 1168 4203 dota,
1184 4125 1260 4186 snb-'

35 4221 135 4284 veniri
162 4221 290 4283 ecclesia
308 4219 409 4295 voluit,
429 4222 508 4323 puod
526 4230 621 4281 tamen
639 4215 843 4297 indulgentiae
867 4237 963 4297 genus
981 4235 1039 4276 non
1058 4215 1153 4296 prius,
1171 4233 1259 4295 quarn

35 4308 171 4372 emollito
189 4308 365 4414 disciplinae
380 4307 552 4389 antiquioris
571 4306 669 4387 rigore
687 4304 820 4382 obtinuit,
840 4325 963 4387 qnorum
980 4313 1144 4384 utrumqne·
1154 4308 1259 4362 rursus

36 4420 77 4462 cx
94 4397 149 4476 iis,
174 4417 248 4480 quae
265 4417 297 4458 ιιι
312 4395 552 4463 antecedentibus
569 4394 647 4474 dixi,
670 4393 923 4474 intelligitur-
947 4392 976 4476 §.
993 4393 1024 4456 3.
1046 4389 1142 4456 Multo
1161 4390 1259 4450 aulem
