2944 4890
96 289 101 307 ι
183 251 247 320 332
310 309 314 320 .
549 250 640 320 XLV.
672 251 843 338 Ouupbrtns
858 250 1032 320 Panrinius.

185 429 401 507 eucharistiam,
418 393 552 492 uttradit
567 429 597 490 in
613 432 673 510 ojus
686 435 744 493 otto
755 425 957 508 Eginbardns.
974 425 1119 496 Lndouici
1135 425 1181 515 Pii
1195 425 1264 508 imp.
1282 445 1389 506 aegro·

185 521 272 584 tantis
296 519 379 582 cibus
398 516 453 580 iuit
477 539 528 600 per
546 516 589 580 40
608 519 670 579 dies
691 517 864 578 dominicum
885 537 1007 598 eorpus,
1032 515 1184 578 bnncnius
1203 535 1238 575 en
1254 516 1390 576 Adnnoro

163 613 204 672 ¹1.
221 613 240 671 l.
272 609 385 689 Haymo
404 613 433 668 ιιι
451 608 472 664 lt
487 616 569 687 capnt
585 612 609 670 i.
630 608 667 667 od
687 609 893 668 diccssotoniw
915 604 1000 682 „Qui
1017 605 1105 684 signo
1123 602 1219 664 crncis
1238 611 1308 663 sunt
1326 623 1390 663 mu·

130 765 134 773 ,
185 697 236 759 niti
262 707 348 777 atque
373 704 556 756 sacramento
581 693 712 773 corporis
735 705 763 754 et
783 692 940 772 sanguinis
965 693 1046 774 ejus,
1073 691 1104 752 in
1128 691 1174 752 die
1198 689 1317 768 mortis,
1349 689 1392 749 ilii

185 783 303 848 uenient
326 803 390 843 curn
410 781 525 844 Christo
550 781 581 841 in
600 781 695 861 gloria
713 782 748 842 ad
764 781 938 861 judicium.“
981 783 1073 842 Idioto
1094 783 1168 860 (cop.
1188 781 1230 840 20
1246 781 1279 838 de
1295 789 1391 839 sancto
1448 781 1452 786 ’

154 905 157 916 ·
186 878 287 936 Morio
310 871 426 948 cirpino)
455 869 525 950 petit
543 889 560 930 a
580 869 661 946 Deo,
687 877 719 930 ut
741 867 800 928 sibi
825 869 966 929 concedat
989 867 1020 928 ir'r
1043 869 1116 928 born
1135 866 1235 928 mortis
1260 867 1391 927 deuotam

185 958 379 1022 eucharistiae
396 956 621 1036 susceptionem,
638 976 723 1038 qnae,
741 956 810 1035 qnia
824 977 879 1016 nos
895 976 945 1036 pro
965 956 1011 1016 via
1028 957 1063 1016 ad
1081 954 1167 1016 aliam
1186 954 1273 1016 vitam
1292 963 1392 1014 euntes

186 1045 346 1124 coufirmat,
363 1043 500 1107 viaticum
517 1044 689 1124 adpellatur.
729 1044 885 1105 Extremae
904 1042 1051 1105 unctionis
1067 1042 1190 1122 regulas
1208 1041 1393 1102 innocentius

184 1153 263 1216 papa
294 1136 350 1213 (ep.
371 1135 398 1192 t.
416 1134 453 1193 od
470 1138 637 1211 maeotium,
657 1133 831 1210 Ebpobinom
846 1138 927 1212 episc.
944 1153 1005 1212 cop.
1024 1130 1068 1214 8.)
1092 1130 1179 1192 tradit
1200 1127 1262 1191 sic:
1287 1128 1392 1205 „Sanc

148 1248 152 1264 ι
186 1220 323 1304 quoniam
341 1221 377 1280 de
392 1218 449 1280 bos
465 1219 542 1280 sicut
558 1221 592 1280 de
609 1219 714 1280 c'eteris
731 1217 885 1280 consulere
901 1239 955 1280 nos
972 1217 1062 1282 voluit
1077 1218 1193 1280 ditectio
1210 1227 1271 1294 tua,
1289 1215 1394 1296 adjecit

186 1309 272 1372 etiam
290 1306 370 1367 titius
390 1327 473 1368 cneus
490 1305 678 1368 Caelestinus
698 1307 840 1371 diaconus
858 1306 887 1366 in
908 1303 1031 1386 epistola
1047 1325 1113 1382 sna,
1132 1325 1199 1366 esse
1217 1325 1235 1365 a
1252 1312 1303 1366 tua
1320 1304 1393 1365 dite-

186 1398 281 1460 ctione
298 1395 424 1476 positum
444 1395 534 1468 iilud,
559 1397 634 1476 quod
653 1394 776 1456 iubenti
798 1393 921 1475 apostoli
939 1394 1040 1456 Jacobi
1059 1393 1183 1474 epistola
1199 1391 1393 1472 conscriptum

186 1494 247 1548 est:
279 1481 442 1544 infirmatur
474 1481 522 1563 qui
548 1482 578 1542 in
606 1481 709 1544 vobisi
740 1483 859 1544 inducat
884 1485 1072 1564 presbyteros
1099 1484 1179 1542 etc.“
1223 1481 1310 1559 Quod
1340 1500 1396 1539 non

185 1583 230 1636 est
249 1571 368 1632 dubium
394 1571 429 1631 de
452 1568 587 1632 tideiibus
611 1570 834 1650 aegrotamibus
858 1569 960 1650 accipi.
978 1569 1023 1631 vel
1048 1566 1177 1648 intelligi
1198 1569 1323 1641 debere,
1348 1566 1393 1648 qui

186 1672 287 1722 sancto
312 1658 378 1718 oleo
412 1656 577 1720 chrismatis
603 1657 728 1740 perungi
758 1668 897 1738 possunt,
929 1678 985 1738 quo
1012 1658 1050 1718 ab
1081 1657 1220 1737 episcopo
1252 1654 1395 1730 consecto,

185 1769 244 1809 non
261 1744 356 1807 sotum
374 1745 592 1821 sacerdotibus,
617 1747 667 1806 sed
689 1746 823 1806 omuibus
842 1745 882 1805 nti
900 1743 1075 1806 Christianis
1100 1741 1187 1820 licet,
1209 1743 1240 1803 iu
1265 1762 1324 1804 sua
1348 1751 1397 1803 act

116 1896 123 1906 ,
186 1855 305 1899 snorum
333 1834 511 1895 necessitate
542 1833 722 1913 inungendo.
771 1831 906 1894 Ceterum
946 1823 1018 1892 iliud
1050 1832 1229 1912 superfluum
1263 1830 1396 1892 ridemus

99 1943 101 1950 ‘
171 1925 350 2003 adjectum,
384 1931 415 1982 ut
448 1923 483 1982 de
513 1921 652 2001 episcopo
682 1920 865 1998 ambigatur,
897 1922 973 2001 quod
1007 1919 1186 2002 presbyteris
1221 1917 1314 1980 licere
1343 1938 1397 1978 non

179 2011 307 2070 dubium
325 2016 379 2069 est.
411 2008 484 2069 Nam
502 2008 611 2068 ideirco
632 2007 809 2089 presbyteris
825 2007 933 2068 dictum
950 2015 1004 2086 est,
1027 2007 1097 2088 quia
1115 2006 1247 2088 episcopi
1266 2027 1397 2087 occupa·

186 2097 319 2158 tionibus
336 2093 403 2154 aliis
427 2093 568 2173 impediti,
592 2097 628 2156 ad
647 2115 747 2156 omnes
767 2093 925 2172 languidos
948 2095 991 2156 ire
1014 2115 1072 2155 non
1092 2091 1226 2176 possuu't.
1261 2093 1398 2156 Ceterum

185 2184 211 2246 si
238 2182 395 2263 episcopus
418 2189 469 2242 ant
494 2189 654 2262 potestant
676 2182 796 2262 dignum
821 2182 900 2243 ducit
918 2181 1044 2263 aliquem
1064 2202 1082 2244 a
1100 2202 1134 2244 se
1150 2182 1348 2257 visitandum,
1373 2188 1399 2241 et

187 2270 360 2334 benedicere
378 2282 406 2330 et
422 2289 533 2348 ungere
551 2269 705 2348 chrismate
721 2269 784 2330 sine
803 2269 990 2331 cunctatione
1007 2280 1112 2348 potest,
1128 2270 1214 2350 eujus
1235 2278 1281 2330 est
1302 2265 1398 2348 ipsum

186 2348 315 2422 chrisma
329 2355 482 2418 conticere.
515 2357 588 2419 Nam
605 2357 861 2438 impoenitentibus
880 2357 958 2418 istud
981 2357 1097 2418 infundi
1116 2377 1174 2417 non
1192 2364 1306 2436 potest,
1333 2356 1398 2437 qnia

186 2465 283 2528 genus
301 2454 345 2506 est
362 2445 545 2506 sacramenti.
579 2445 652 2506 Nam
671 2445 777 2525 quibus
801 2442 916 2525 reliqna
933 2454 1116 2507 sacramenta
1135 2453 1299 2524 negantur,
1326 2463 1399 2525 quo·

186 2536 271 2596 ruodo
289 2551 378 2592 unum
398 2552 493 2608 gentas
512 2543 630 2612 putatur
647 2551 734 2612 posse
751 2533 897 2593 concedit
919 2531 1084 2612 Gregorius
1102 2531 1289 2594 Turonensis
1309 2531 1397 2611 episc.

187 2621 266 2694 (bist.
285 2625 386 2679 Fronc.
401 2616 430 2692 6,
447 2619 491 2696 6.)
510 2630 688 2693 auctorest,
715 2619 882 2699 Hospitium
906 2619 972 2681 oleo
994 2618 1148 2682 benedicto
1169 2638 1257 2680 usum
1276 2636 1347 2680 esse
1372 2619 1399 2677 in

186 2705 388 2790 sanctionibus
412 2703 590 2767 intirmorum
622 2705 820 2770 miraculosis.
863 2706 1047 2787 „Hospitius
1067 2707 1189 2792 (inquit)
1214 2707 1399 2786 adprehensa

185 2815 274 2857 manu
292 2791 424 2878 caesarie
442 2794 593 2875 enjusdam
613 2797 736 2874 aegroti,
757 2793 875 2856 attraxit
891 2804 979 2875 capnt
996 2794 1076 2856 iitins
1103 2795 1133 2855 in
1157 2794 1319 2856 fenestram
1345 2795 1399 2854 ad-

186 2890 360 2962 sumptoque
379 2879 443 2941 oleo
462 2880 665 2942 benedictione
683 2879 874 2959 sanctificato,
898 2892 1001 2944 tenens
1018 2901 1106 2944 mann
1124 2882 1245 2944 sinistra
1264 2880 1398 2961 linguam

188 2971 252 3049 ejus
270 2968 313 3028 ori
336 2967 494 3048 verticique
512 2968 617 3048 capitis
633 2968 752 3044 inindit,
777 2969 894 3030 dicens:
920 2969 954 3030 lu
977 2970 1095 3032 nomine
1110 2969 1229 3033 Domini
1255 2968 1312 3030 mei
1328 2970 1400 3031 Jcsu

187 3055 296 3118 Christi
322 3055 491 3135 aperiantur
514 3075 602 3117 aures
632 3065 716 3133 tune,
743 3065 913 3137 reseretque
939 3077 972 3118 os
999 3068 1079 3118 tunm
1103 3057 1197 3120 sinus
1220 3053 1293 3132 iiia,
1325 3076 1400 3138 quae

185 3145 329 3226 quondam
349 3145 385 3203 ab
401 3142 519 3204 bomine
535 3145 625 3206 surdo
643 3154 670 3204 et
688 3154 765 3205 runto
785 3144 904 3205 noxium
922 3145 1028 3226 dejecit
1045 3144 1239 3207 daemonium.
1270 3144 1312 3206 Et
1326 3145 1400 3206 baec

185 3232 295 3307 diceus,
311 3230 472 3309 interrogat
487 3251 601 3293 nomen.
635 3228 689 3292 tlte
705 3253 773 3294 vero
790 3229 871 3293 clara
887 3253 959 3294 uoce
975 3231 1028 3295 ait:
1046 3233 1091 3294 sic
1108 3233 1198 3294 dicor.
1232 3231 1400 3293 cumbaec
1451 3259 1452 3300 t

185 3318 307 3382 vidisset
324 3315 480 3391 diaconus,
499 3318 555 3380 ait:
581 3317 700 3380 Gratias
718 3318 768 3380 tibi
787 3319 946 3382 immensas
963 3319 1077 3397 resero,
1103 3319 1236 3395 Christe,
1262 3319 1313 3399 qui
1332 3319 1403 3380 taiia
1451 3305 1452 3333 ¹

184 3427 238 3488 per
254 3404 344 3467 fitium
363 3415 442 3466 tuum
463 3405 595 3485 dignaris
617 3408 800 3468 ostendere.“
834 3406 1187 3487 SynodusCabiionensis
1204 3406 1242 3468 li.
1260 3426 1327 3487 cap.
1342 3406 1401 3468 48:

184 3493 376 3571 „Secundum
393 3493 469 3553 beati
481 3493 584 3554 Jacobi
603 3493 728 3573 apostoli
748 3497 961 3571 documentum,
980 3495 1026 3555 cni
1045 3495 1130 3556 etiarn
1150 3497 1269 3556 decreta
1286 3503 1402 3573 patrum

93 3599 96 3604 ·
186 3591 364 3654 consonant,
391 3578 496 3640 infirmi
521 3580 602 3656 oieo,
630 3583 705 3662 qood
726 3583 763 3642 ab
788 3581 935 3662 episcopis
955 3582 1153 3658 benedicitur,
1179 3602 1197 3642 a
1218 3581 1402 3664 presbyteris

183 3668 391 3748 uugidebont.
427 3666 479 3728 Sic
496 3667 571 3728 euim
590 3663 649 3732 niti
666 3667 831 3730 infirmatur
847 3669 913 3749 quis
930 3669 960 3729 in
977 3669 1082 3731 vobisi
1102 3670 1221 3730 inducat
1238 3680 1294 3730 etc.
1333 3669 1401 3731 Nou
1450 3667 1451 3690 ³

144 3785 147 3796 ·
186 3765 230 3817 est
247 3755 346 3836 itaque
364 3753 442 3835 parri
461 3756 612 3834 pendenda
629 3755 796 3833 hujusmodi
815 3755 966 3830 medicina,
986 3768 1061 3837 quae
1078 3757 1192 3819 animae
1208 3755 1402 3837 corporisque
1450 3721 1451 3791 i

185 3843 317 3902 medetur
332 3841 558 3921 languoribus.“
603 3841 641 3904 Et
660 3842 740 3904 Beda
760 3843 805 3919 (2,
823 3843 867 3922 6.)
884 3843 1030 3917 Marcum,
1049 3855 1188 3923 aegrotos
1206 3844 1272 3906 oieo
1291 3863 1401 3905 couse-

187 3937 267 3988 crnto
285 3926 428 4004 inungere
447 3929 574 4002 solitum,
595 3928 714 3991 indicat.
752 3929 877 3991 Carolus
893 3932 937 3992 Μ.
956 3932 1124 4008 constituit,
1148 3943 1181 3993 nt
1199 3934 1357 4012 presbyter
1371 3930 1400 3990 in

186 4009 317 4092 ampniia
341 4015 435 4075 oleum
460 4015 534 4076 serat
565 4019 601 4077 ad
634 4018 835 4094 inungendum
859 4017 989 4078 infirmos
1023 4020 1078 4096 (de
1099 4022 1202 4098 tepibns
1227 4025 1402 4082 Francorum

186 4101 216 4175 l,
238 4099 333 4169 tib).
377 4101 490 4182 Haymo
515 4125 598 4183 snper
616 4107 756 4182 cocnqeiic
775 4107 810 4165 do
836 4105 1047 4182 aegrotantium
1071 4109 1210 4168 unctione
1231 4126 1285 4185 per
1303 4105 1401 4166 oieurn

185 4208 202 4249 a
226 4183 359 4265 pontitice
379 4189 561 4250 benedictum
587 4190 727 4267 aitirmnt,
765 4195 839 4272 quod
866 4193 903 4254 nb
928 4193 1068 4273 apostolis
1095 4194 1134 4255 sit
1157 4215 1192 4255 ea
1216 4195 1402 4254 consuetudo

186 4270 333 4336 ecciesiae
352 4274 474 4349 tradita,
499 4296 573 4355 qnae
593 4299 687 4359 nsque
704 4281 740 4340 ad
761 4291 861 4342 nostra
876 4287 1007 4360 tempora
1027 4281 1215 4358 coritinuata,
1240 4281 1402 4343 novissime

184 4361 216 4421 iu
235 4356 358 4422 concilio
372 4359 646 4426 Tridentinounum
664 4387 700 4428 ex
714 4377 823 4447 septem
837 4367 981 4432 ecciesiae
997 4370 1189 4432 sacramentis
1202 4387 1280 4448 esse,
1300 4381 1403 4430 eontra

184 4447 394 4514 baereticorum
427 4447 599 4511 sententiam
632 4451 831 4518 confirmatum
863 4467 917 4520 est.
959 4458 1027 4522 uic.
1063 4457 1230 4540 Gregorius
1264 4460 1402 4536 (immitto
