2944 4890
209 217 274 285 ιιι
642 215 751 306 nuru·
782 214 990 284 ιιιιιιιιιιιι
1082 301 1084 306 ,

207 394 351 476 dispersis
371 395 479 460 crimen
501 397 556 458 hoc
579 395 722 476 imputare
747 394 900 471 voluerint,
924 396 961 457 de
981 395 1092 477 quihus
1110 402 1203 456 utrum
1223 392 1418 456 commiserint

206 480 1417 564 616666666666166166666661116661666116611116,66166666ιὶ6
1454 523 1455 550 ι

207 571 324 633 6611666
342 573 459 654 propria
475 581 532 634 tam
550 573 627 634 aiace
645 573 748 647 elucet,
765 569 893 632 utillum
913 572 1032 635 uberius
1049 571 1222 652 explicaturi
1239 571 1341 632 oleum
1357 593 1417 673 per-

208 661 276 720 dere
299 661 374 722 velle
394 667 480 742 atque
504 681 621 741 operam
644 659 795 754 judicandi
816 678 961 723 essemus.
999 660 1044 721 lle
1063 679 1171 740 graeco
1191 666 1288 720 tamen
1309 659 1418 721 666166

207 745 317 828 6116611
338 751 444 811 addere
471 747 546 810 forte
571 769 628 810 666
655 767 906 828 supervacaneum
931 748 1002 824 erit,
1029 769 1063 810 eo
1089 749 1165 828 quod
1188 746 1341 826 singulari
1361 769 1420 808 666

208 837 337 916 emphasi
370 858 429 898 ram
460 837 536 897 hane
557 835 780 938 elegantissima
805 835 910 915 lingua
931 836 1084 916 exprimat
1129 835 1210 896 Rara
1236 846 1335 896 tamen
1362 837 1455 938 ejus

206 923 334 1002 vestigia
360 935 445 1000 suut,
470 933 497 985 et
522 923 638 985 nonnisi
665 924 795 986 exactis
819 935 979 1012 martyrum
1005 923 1177 986 haurienda.
1223 922 1302 984 lta
1293 943 1326 983 ru
1353 925 1455 984 actis

208 1009 356 1074 Theoduli
376 1011 583 1075 Thessalonic.
605 1011 740 1087 lectoris,
767 1031 850 1114 quae·
868 1022 967 1073 extant
986 1013 1063 1092 apud
1084 1008 1256 1072 Bollandnm
1284 1010 1330 1089 (in
1349 1015 1421 1073 Actis

208 1103 444 1160 Sanctoruurll'.
460 1103 553 1178 Apamil
570 1123 598 1179 p.
619 1100 744 1176 3916.)
765 1099 871 1161 mentio
888 1097 962 1182 fit§.
980 1100 1030 1161 13.
1048 1090 1420 1178 ἕκδόσεωςτιῦιγραφῶι,

209 1185 251 1245 uti
269 1186 451 1247 traditionem
467 1187 547 1248 illam
564 1187 725 1248 Faustinus
743 1188 859 1288 praesul
876 1184 1045 1287 appellarit,
1064 1205 1150 1266 quam
1167 1206 1234 1246 vero
1248 1185 1420 1246 Theodulue

209 1277 360 1352 renuebat,
377 1268 434 1334 rou
422 1265 626 1336 1966666166
643 1267 740 1352 μηδὲν
755 1261 833 1354 πρὸς
849 1265 909 1354 τὴν
925 1269 1106 1336 ἔκδοσιν
1054 1295 1125 1333 των
1140 1269 1266 1354 γραφῶν
1283 1265 1418 1333 endoth-

203 1381 275 1437 τις,
299 1383 336 1424 66
353 1324 515 1462 66666666
544 1364 710 1424 haberetur.
757 1361 912 1424 Distinctio
943 1361 1032 1441 igitur
1053 1361 1165 1422 ridetur
1187 1359 1333 1422 interesse
1353 1361 1455 1434 inter

209 1445 331 1512 ἔκδοσιν
356 1471 391 1512 66
418 1439 1299 1532 πρόθυσιν,66666666666666666661666666166
1328 1447 1418 1508 radice

209 1539 377 1599 descendat.
423 1538 564 1600 Nimirum
584 1537 701 1618 proprie
722 1559 779 1598 nou
800 1549 855 1599 tam
877 1549 988 1618 turpem
1009 1557 1126 1598 sensum
1143 1533 1231 1596 hahet
1249 1531 1371 1605 sidonae
1388 1555 1417 1595 ιιι

208 1615 367 1707 πρόδοσις,
386 1647 419 1686 co
437 1629 514 1706 quod
532 1623 585 1686 illa
603 1625 722 1706 saepius
740 1626 883 1705 accipitur
897 1628 932 1688 de
948 1624 1100 1686 traditione
1114 1623 1205 1700 licita,
1221 1625 1257 1684 ad
1272 1623 1417 1684 arbitrium

209 1723 236 1784 et
257 1735 342 1776 nsum
368 1713 488 1774 alterius
510 1716 750 1794 seruiendumque
769 1713 837 1774 iude
855 1713 1067 1796 accipiendum,
1091 1723 1124 1772 ut
1141 1731 1204 1772 eum
1222 1713 1418 1771 commodatur

208 1799 310 1879 alteri·
336 1811 366 1862 ut
383 1803 454 1862 adeo
475 1795 674 1890 1κόιὸ666ιὶ6
679 1823 721 1863 66
741 1801 779 1862 sit
796 1821 831 1862 ao
851 1798 1134 1900 ι’κμισθσύσθιιι
1109 1819 1171 1860 erre
1189 1788 1417 1874 μισθώσασθαι

208 1848 345 1958 ἐκδόσεις
361 1893 483 1964 elocarep
503 1910 559 1970 quo
578 1910 668 1950 seusu
689 1889 772 1952 etium
792 1889 919 1950 occurrit
935 1875 1090 1948 includitur
1106 1884 1211 1951 Matth
1226 1883 1289 1960 21,
1301 1888 1353 1948 33.
1370 1889 1415 1949 dl.

210 1987 238 2037 et
277 1979 355 2055 apud
398 1977 621 2057 Xenophontem
663 1988 749 2056 atque
784 1974 939 2058 Polybium
979 1977 1154 2035 observante
1190 1971 1337 2052 Raphelio
1375 1973 1415 2054 (iu
1454 2009 1455 2102 6

209 2067 313 2124 Annot.
330 2066 452 2141 philol.
444 2085 474 2123 ιιι
491 2071 529 2124 Ν.
548 2072 581 2125 Ψ.
605 2085 640 2124 es
657 2068 769 2138 Polybio
787 2077 813 2125 ct
830 2069 954 2125 Arriano
972 2067 1091 2126 collectis
1112 2085 1141 2142 p.
1159 2063 1200 2122 92
1216 2059 1283 2143 ss).
1330 2062 1367 2122 Et
1383 2063 1414 2120 ad

208 2150 374 2230 hujusmodi
392 2143 513 2210 ἔκδοσιν
527 2149 635 2210 licitam
652 2151 765 2212 ridetur
775 2150 887 2212 Paulus
899 2150 1008 2230 Ephesi
1022 2169 1143 2231 ‘quoque
1158 2149 1251 2210 libros
1268 2149 1416 2226 accepisse

209 2235 1415 2340 666166666666166666666661661666666166666666οι666116666

122 2383 123 2388 ,
208 2347 279 2388 6666
297 2338 455 2406 congestos
472 2325 538 2406 ipsi
546 2326 662 2407 publice
679 2330 902 2388 combusserunt
919 2328 982 2389 Art.
998 2323 1047 2400 19,
1062 2328 1110 2388 19.
1136 2325 1200 2387 Alio
1217 2334 1315 2386 autern
1332 2343 1455 2400 seusu

208 2409 330 2476 1161666
350 2411 412 2474 τῶν
436 2413 560 2495 γραφιῖιι
585 2436 602 2475 a
620 2415 775 2476 Theodnlo
795 2413 915 2495 petiisse
933 2374 1095 2476 Faustinus
1120 2413 1336 2475 existimandus
1357 2401 1455 2488 erit,

209 2501 323 2561 scilieet
340 2505 375 2561 ad
395 2523 453 2564 rem
470 2499 602 2564 illicitam
621 2512 708 2606 atque
729 2503 842 2574 66166
867 2523 970 2582 nempe
988 2503 1236 2600 combustionem,
1250 2521 1339 2582 quam
1357 2501 1414 2562 ideo
1454 2565 1455 2588 ,

209 2586 384 2649 'Fheodulus
404 2587 517 2650 lortiter
527 2591 687 2669 recusarit,
709 2611 745 2652 66
766 2550 984 2670 προδότης
944 2611 1001 2668 της
1025 2609 1083 2650 του
1068 2587 1188 2650 6666
1202 2577 1328 2668 χάριτος
1351 2609 1413 2649 era·
1454 2591 1455 2616 ³

51 2755 53 2765 Ι
117 2697 122 2715 ι
209 2678 297 2736 deret.
322 2667 936 2759 1166661666τουπρσδοι666666666
954 2697 1098 2758 proprium
1116 2679 1413 2755 esseutprodrtoren
1454 2723 1455 2752 .

208 2767 353 2826 deliberate
369 2787 401 2826 oo
415 2768 571 2828 uoluntario
587 2765 1455 2848 6666616666,66616666666616166661,66666666
1454 2771 1455 2816 l

207 2853 354 2914 notionem
372 2852 455 2914 etiarn
473 2855 503 2914 16
521 2853 694 2934 erarngelica
711 2853 830 2914 historia
848 2855 883 2914 de
894 2854 968 2914 luda
982 2852 1090 2914 Christi
1106 2851 1251 2933 proditore
1264 2870 1413 2913 occurrere
1454 2831 1455 2900 l

114 2944 123 2956 ”
208 2940 292 3002 rideo
317 2940 510 3018 166616.
536 2941 603 3005 coll.
622 2943 684 3004 Act
700 2941 731 3018 7,
750 2943 801 3002 69.
826 2941 861 3002 ll.
875 2941 953 3002 Tim.
970 2939 1001 3018 3,
1018 2943 1048 3003 lt.

297 3029 350 3104 16)
373 2991 630 3110 Antiquiorihus'«
608 3050 667 3110 Jarn
685 3029 815 3091 extitisse
833 2991 1010 3108 temporibus
1027 3025 1169 3103 homines,
1187 3049 1236 3108 qur
1228 3027 1413 3088 Traditori·
1454 3023 1455 3032 ’

177 3115 263 3178 -bus
289 3107 379 3219 hujus
412 3117 476 3178 aeri
503 3117 718 3197 praeluseriut,
746 3117 839 3220 paulo
865 3116 1001 3196 superius
1028 3127 1176 3176 ostensum
1203 3125 1256 3177 cst.
1301 3115 1414 3177 Nullum

207 3213 301 3264 tamen
319 3205 348 3264 16
365 3201 425 3264 illis
442 3205 575 3266 vocabuli
593 3223 679 3266 nsum
696 3205 838 3282 extitisse,
854 3215 997 3265 constans
1013 3203 1186 3305 scriptorum
1204 3203 1312 3264 eriueit
1329 3203 1414 3264 silen-

207 3292 288 3352 tium.
331 3291 425 3369 lgitur
442 3293 497 3352 hoo
512 3294 628 3352 demum
646 3301 776 3372 ternpore
792 3291 950 3395 quaerendi
968 3291 1047 3352 vocis
1064 3289 1187 3392 natales,
1204 3311 1261 3370 666
1279 3291 1414 3370 frequen·
1454 3281 1455 3300 ¹

207 3379 318 3440 tissime
343 3379 466 3459 repetita
485 3381 617 3441 codicum
638 3380 769 3456 traditio,
798 3389 826 3441 et
847 3380 943 3481 ipsum
964 3399 1069 3440 nomen
1089 3377 1215 3448 omnium
1235 3379 1265 3440 iu
1287 3401 1338 3440 ore
1356 3373 1413 3438 luit.

206 3467 261 3528 llic
281 3487 351 3527 vero
370 3467 527 3548 praecipue
547 3467 712 3528 audiendus
737 3477 783 3528 est
800 3468 994 3546 tergestinus,
1022 3489 1071 3548 66ι
1063 3466 1137 3546 '(de
1152 3467 1227 3546 bapt.
1245 3477 1342 3528 contre
1361 3474 1413 3526 llo-

206 3562 328 3618 nntirtus
345 3555 373 3632 l,
391 3554 454 3634 2.):
487 3556 737 3634 Postpnsslonem,
760 3515 918 3635 16661611.
948 3561 1080 3634 cypriam
1095 3556 1291 3634 quadruplata,
1310 3566 1336 3616 et
1350 3553 1414 3634 6661
1454 3617 1455 3640 ,

206 3650 340 3719 esurierit,
361 3651 445 3706 66616
461 3651 590 3722 paractis,
609 3645 723 3704 truditis
739 3645 861 3704 codicum
877 3645 955 3718 factu
970 3653 1019 3719 est,
1036 3645 1108 3703 unde
1124 3653 1269 3722 coeperunt
1285 3645 1414 3721 adpellari
1454 3649 1455 3724 6

208 3734 378 3793 montom.
406 3731 511 3807 6666
541 3731 630 3792 rerba
664 3749 728 3791 666
765 3741 873 3792 certam
902 3729 1027 3793 nominis
1051 3729 1241 3790 Traditorum
1278 3729 1414 3809 originem

206 3819 384 3880 constituere
400 3817 562 3896 videantur,
579 3818 610 3878 16
628 3819 716 3879 duhio
736 3829 829 3878 tamen
847 3827 1032 3897 etsuspenso
1043 3837 1103 3878 rem
1117 3837 1230 3878 omnem
1241 3818 1415 3898 relinquunt.

207 3903 318 3964 Caesar
335 3905 449 3984 661166
463 3905 610 3968 Baronius
627 3908 975 3987 (666666666611.
990 3907 1028 3966 ud
1044 3927 1112 3966 nnn.
1126 3907 1197 3967 302.
1215 3903 1243 3986 §.
1254 3906 1318 3982 16.)
1338 3903 1415 3966 testi-

208 3991 334 4052 monium
359 3990 432 4054 illud
459 3993 618 4073 Augustini
639 3993 786 4066 excitans,
808 3995 881 4054 adeo
908 3991 977 4052 nihil
1002 3991 1288 4072 viditdilliaultatis,
1314 4003 1347 4054 nt
1364 3988 1415 4053 sihi

206 4076 304 4158 potius
326 4075 414 4155 plana
431 4101 498 4142 esse
517 4081 715 4144 omniadicat.
749 4041 1230 4162 11166616666166611,06661661
1252 4081 1414 4183 martyrium

207 4167 261 4226 suh
276 4164 375 4226 Fusco
394 4175 421 4227 ot
434 4171 527 4230 Basso
545 4191 622 4232 coss.
639 4191 715 4231 annu
728 4168 854 4272 1166161,
874 4169 1035 4230 66666166
1053 4177 1194 4230 reclama
1212 4188 1245 4230 se
1260 4167 1415 4233 institutam

208 4252 446 4332 chronologiam,
466 4259 665 4318 ‹lucentesimo
689 4257 874 4338 sexagesimo
894 4257 986 4338 primo
1006 4253 1159 4333 accidisse,
1184 4266 1215 4318 ut
1232 4257 1361 4334 adeo,
1337 4277 1363 4318 sr
1383 4257 1415 4315 ab

209 4363 243 4403 ee
264 4361 340 4400 anno
360 4359 454 4419 usquc
479 4345 515 4402 ad
534 4362 640 4403 annum
660 4343 732 4406 302.
751 4365 891 4406 numerus
910 4353 1093 4424 supputetur,
1117 4365 1186 4406 annr
1178 4343 1275 4406 liant
1293 4345 1415 4424 quadra·

130 4453 133 4456 ·
208 4428 291 4506 ginta
316 4436 344 4488 et
368 4446 444 4488 unns
461 4428 507 4490 rel
532 4429 644 4504 duo,
620 4449 645 4490 ιι
669 4433 764 4506 ambo,
789 4432 838 4510 qui
855 4431 976 4494 extremi
996 4441 1074 4510 sunt,
1100 4431 1169 4495 6661
1186 4452 1307 4494 numeru
1324 4431 1416 4494 inclu-
