2968 4896
247 279 383 344 lllllllll.
426 283 453 346 J.
471 281 530 345 loo.
547 281 677 344 claudor
693 285 728 345 de
744 281 851 347 ritibus
866 282 1099 364 baptismalibus.
1237 285 1281 349 99

55 463 84 517 11
101 453 135 515 11
155 453 328 535 antiquitate
345 455 487 534 extitisse,
506 455 668 538 dequibus
687 475 829 539 expresse
848 457 1161 542 chrysostomus
1179 457 1279 524 iucu-

56 542 170 605 teclresi
190 543 433 623 baptizandorum
452 542 542 606 dixit:
566 547 643 626 quod
666 544 714 607 isti
732 545 881 628 mysticam
900 547 1041 611 rationem
1059 548 1202 629 quandam
1220 567 1280 610 non

56 631 242 711 vulgandam
264 629 402 696 barbeant.
441 631 605 695 Recensuit
627 633 700 695 ritus
717 633 845 696 Albin.
867 631 1062 712 Flaccus,
1087 635 1278 698 communiter

58 719 259 782 alcuinus
284 717 379 781 dictus
404 719 456 782 lib.
474 719 505 784 2.
529 722 565 782 de
589 719 790 785 1111111119.
814 719 1001 803 (bibliothec.
1017 721 1136 786 Patrnm
1161 723 1277 800 tom.„3.

59 807 128 870 edit.
145 807 177 868 2.
194 805 262 871 Par.
280 827 310 888 p.
328 808 409 870 1191
425 806 521 892 seqq.)
540 841 583 855 -
605 809 633 894 ξ.
649 810 680 871 2.
699 808 787 872 Ritus
802 807 994 890 baptismales
1011 807 1205 872 ecclesiastici
1223 831 1278 873 ue-

59 895 227 957 cessitatem
246 905 324 956 certo
343 897 436 972 modo,
453 915 511 976 qua
526 893 745 957 ministerialem
764 896 1043 960 administrationem
1061 907 1090 960 11
1105 897 1277 976 dignitatem

59 984 266 1045 commendant
289 1003 324 1044 ac
343 981 516 1063 baptismum
539 980 729 1046 illustriorem
755 986 894 1062 reddunt,
918 987 954 1046 ad
972 1005 1046 1067 quos
1064 983 1222 1048 1111111111
1240 1007 1278 1049 ex

58 1081 119 1133 loto
144 1069 187 1131 uel
214 1091 251 1132 ex
275 1079 357 1150 parte
382 1071 500 1151 propria
523 1071 661 1152 baptismi
684 1071 836 1134 transferri
861 1086 1019 1154 nequeunt.
1060 1073 1276 1146 Testimonium

60 1155 242 1221 'l‘ertnlliani
260 1161 310 1232 (de
324 1159 414 1238 bapt.)
426 1156 475 1218 bio
491 1157 682 1222 adducimus:
698 1159 763 1222 sine
780 1157 841 1220 ullo
858 1172 1017 1242 apparatus
1034 1160 1190 1241 splendore
1207 1161 1276 1224 olim

30 1306 32 1317 ,
58 1247 235 1326 baptismum
253 1243 449 1307 administrari
465 1245 594 1310 solitum.
626 1245 790 1328 Gregorius
808 1247 880 1310 Nan.
896 1252 984 1328 (orat.
1001 1249 1037 1310 de
1054 1252 1146 1330 bapt.)
1164 1249 1276 1331 impro-
1380 1271 1386 1290 ·

57 1335 158 1412 bavit,
184 1335 262 1414 quod
287 1330 356 1394 olim
377 1344 495 1414 propter
511 1334 685 1416 baptismum
703 1353 810 1396 munus
829 1335 956 1398 oblatum
974 1335 1079 1414 suerit,
1103 1337 1194 1399 vestis
1212 1337 1276 1400 ele·

55 1441 135 1503 ¹gans
163 1420 306 1501 requisita
322 1442 373 1504 ac„
388 1420 540 1483 convivam
567 1422 703 1503 baptistis
720 1433 864 1502 paratum.
902 1423 965 1485 Nec
989 1423 1133 1485 eeclesiae
1159 1435 1276 1505 propter

58 1509 326 1571 dissimilitudinem
342 1507 373 1569 in
390 1509 557 1590 hujusmodi
575 1511 678 1571 ritilrns
696 1511 877 1572 damnandae
894 1521 971 1587 sunt,
992 1531 1057 1572 cum
1074 1511 1210 1572 libertate
1228 1511 1275 1572 vel

57 1599 87 1659 in
105 1597 268 1658 omissione
283 1594 400 1657 illorum
418 1595 463 1658 rel
480 1597 637 1659 mutatione
653 1599 694 1659 uti
713 1599 790 1658 baud
808 1598 980 1660 recusarint.
1013 1597 1076 1659 Nos
1094 1619 1165 1678 crgo
1182 1595 1276 1660 Bel-

56 1685 228 1747 larmino
253 1686 302 1763 (de
328 1687 406 1765 bapt.
431 1686 467 1762 1,
495 1685 562 1766 21.)
594 1705 749 1747 assensum
783 1685 951 1766 nentiquam
985 1687 1178 1766 praebemus,
1217 1689 1275 1748 dno

55 1774 156 1835 fulcra
181 1771 371 1847 ceremoniis,
395 1772 426 1832 in
451 1793 572 1834 romana
590 1772 718 1835 ecclesia
737 1772 815 1835 circa
834 1771 968 1853 baptismi
994 1772 1276 1836 administrationem

56 1860 186 1939 usitatis,
211 1859 377 1939 assignanti
394 1856 613 1942 simplicemque
629 1859 833 1922 necessilatem
851 1861 954 1921 ritibus
971 1859 1075 1922 iisdem
1092 1861 1274 1940 concedenti,

59 1969 123 2010 cnm
143 1948 363 2011 Clrernnitio
390 1948 584 2026 arbitrantes,
609 1948 682 2008 ritus
702 1946 909 2029 baptismales,
935 1951 972 2010 ab
990 1957 1121 2028 augusta
1138 1961 1165 2010 et
1182 1969 1274 2012 rene·

58 2040 152 2098 nanda
169 2035 350 2116 antiquitatis
363 2035 469 2097 canitie
483 2038 711 2114 commendatos,
729 2048 857 2098 retentos
876 2056 953 2114 esse,
971 2036 1053 2099 salva
1071 2047 1165 2098 tamen
1184 2037 1277 2097 liber-

58 2133 125 2201 1111,
144 2145 232 2205 quanr
249 2123 387 2184 Servator
402 2123 433 2183 irr
451 2123 496 2184 lris
513 2123 680 2205 adiaphoris
697 2122 841 2186 ccclesiae
858 2124 1014 2188 concessit.
1028 2159 1066 2169 -
1086 2125 1114 2209 §.
1128 2125 1158 2188 3.
1175 2125 1276 2186 Ritum
1297 2105 1302 2128 ι

58 2215 222 2274 solemnem
239 2208 425 2272 essentialem
442 2213 641 2274 necessarium
660 2211 800 2292 primum,
826 2212 939 2274 ratione
961 2211 1162 2274 ministerialis
1179 2213 1276 2274 admi-

58 2299 253 2376 nistrationis,
278 2298 491 2360 immersionem
509 2321 563 2361 seu
579 2299 787 2377 intinctionem,
814 2300 868 2374 rel,
894 2302 969 2382 qnod
987 2299 1108 2380 perinde
1125 2311 1176 2374 est,
1196 2300 1273 2362 affu·

59 2391 171 2452 sionem
189 2387 233 2449 uel
251 2387 449 2467 aspersionem
475 2409 569 2469 aquae
594 2390 755 2450 secundum
778 2397 891 2449 veteres
915 2387 954 2450 ita
973 2399 1142 2467 usurpatam
1162 2387 1275 2448 consti·

60 2479 180 2554 luimus,
209 2473 306 2555 qualis
324 2474 439 2536 anullo
457 2475 510 2536 rite
526 2477 702 2556 baptismum
723 2479 809 2537 dante
826 2474 872 2536 vel
891 2474 1054 2556 accipiente
1071 2473 1160 2536 omitti
1179 2476 1276 2539 debet.

60 2567 193 2626 Eandem
211 2564 314 2624 Patres
340 2561 563 2640 manifestasse,
590 2575 669 2644 patet
693 2584 729 2625 ex
748 2561 935 2625 Tertulliano
960 2561 1040 2640 (libr.
1060 2565 1096 2622 de
1115 2563 1206 2643 bapt.)
1227 2563 1275 2624 di-

61 2665 161 2726 cente,
185 2652 330 2712 11111111
349 2650 379 2710 11
404 2669 508 2731 aquam
527 2655 686 2714 demissum
714 2662 742 2712 et
766 2651 884 2713 tinctum
909 2671 994 2726 esse:
1032 2651 1178 2730 Gregorio
1202 2651 1275 2714 Nan.

60 2741 102 2808 (in
120 2748 195 2801 1111.
211 2741 246 2800 11
263 2738 373 2800 laudib.
393 2740 497 2818 patris)
522 2739 684 2816 referente,
710 2750 819 2819 patrem
844 2761 929 2801 snum
955 2749 1020 2820 post
1043 2739 1219 2820 baptismum
1238 2761 1276 2801 ex

61 2849 136 2910 aqna
161 2848 334 2906 egressum:
357 2825 562 2908 Chrysostomo
586 2825 629 2903 (in
648 2826 732 2905 epist.
749 2829 786 2887 ad
806 2827 1003 2888 innocentium
1021 2827 1157 2907 papam),
1183 2825 1276 2888 Nice-

59 2919 149 2998 plroro
167 2915 250 2992 (bist.
268 2912 341 2976 coel.
359 2913 409 2992 13,
429 2918 492 2993 19.)
511 2914 657 2996 Cypriane
676 2912 741 2990 (lib.
758 2917 788 2974 7.
806 2917 841 2974 nd
859 2915 1027 2993 Magnum),
1046 2913 1094 2994 qni
1114 2915 1143 2974 iu
1161 2913 1276 2992 prinoi-

61 3005 106 3085 pio
125 3003 224 3065 statim
241 3001 325 3063 nobis
342 3001 489 3079 indicarit,
509 3002 594 3062 ritum
612 3003 734 3062 eundem
753 3001 895 3062 neminem
913 3001 1106 3080 improbasse,
1124 3000 1171 3060 cui
1189 3000 1275 3063 fidem

61 3094 189 3154 tribuere
207 3111 261 3151 uos
280 3099 401 3170 oportet.
419 3125 457 3136 -
485 3088 512 3170 ξ.
528 3088 559 3150 4.
582 3089 648 3166 Quo
665 3097 837 3168 argumento
855 3084 939 3148 ritum
957 3077 1156 3157 καταδύσεως
1173 3085 1203 3147 11
1222 3108 1275 3150 11-

61 3180 149 3242 111111
169 3179 221 3240 din
238 3181 360 3239 durasse
377 3187 405 3238 et
422 3197 627 3258 perseverasse
645 3176 815 3250 ostenditur,
840 3176 881 3237 ita
897 3187 1007 3250 tamen,
1032 3185 1064 3236 nt
1081 3173 1111 3234 in
1129 3172 1275 3238 ecclesiae

60 3278 203 3350 potestate
220 3265 305 3329 situm
324 3273 417 3346 11111,
441 3265 634 3327 ceremoniam
653 3265 834 3344 aspersionis
852 3283 1019 3342 surrogare,
1044 3283 1120 3344 quae
1138 3261 1167 3322 in
1185 3263 1276 3325 veteri

61 3367 87 3419 11
105 3354 252 3434 primitiva
268 3351 394 3415 ecelesia
412 3367 500 3431 saepe
517 3351 656 3429 adhibita,
675 3353 700 3413 si
719 3351 885 3432 baptizandi
901 3353 1100 3432 aegrotabant.
1124 3352 1203 3414 Idem
1213 3349 1276 3434 Cy-

61 3445 182 3525 prianus
201 3443 261 3522 (ep.
277 3440 343 3518 76.)
368 3441 517 3502 Eusebius
539 3441 618 3521 (bist.
637 3438 790 3516 ecclesii,
809 3439 864 3510 39)
891 3452 919 3502 11
942 3439 993 3500 1111
1010 3437 1174 3501 luculenter
1191 3461 1276 3500 mon-

61 3539 201 3594 strarunt.
237 3531 279 3590 ad
297 3528 383 3589 talem
400 3527 593 3590 ceremoniam
610 3549 725 3609 quoque
741 3538 861 3608 spectat,
879 3530 957 3608 qnonl
973 3527 1093 3588 Summa
1109 3526 1228 3606 anglica
1244 3525 1276 3587 iu

60 3621 141 3683 rerb.
167 3615 302 3698 baptismi
320 3615 350 3692 4,
372 3619 418 3677 ll.
445 3635 585 3697 expresse
611 3615 708 3676 addit:
734 3627 848 3676 tenetur
872 3611 1071 3689 communius,
1097 3617 1173 3693 quod
1199 3633 1276 3693 qna·

61 3707 245 3786 litercunque
260 3703 325 3786 quis
342 3702 482 3780 tingatur,
499 3713 545 3765 est
561 3703 724 3784 baptizatas
741 3713 769 3762 11
784 3704 860 3783 quod
877 3701 1005 3763 sulliciat
1021 3700 1161 3779 aspersio,
1179 3720 1276 3781 quan-

61 3807 240 3875 tumcunque
257 3791 371 3853 modica
386 3791 417 3852 iu
436 3811 508 3853 casu
524 3791 718 3853 necessitatis.
741 3789 797 3850 His
816 3784 1110 3851 curiosiSebolastici
1128 3787 1163 3847 ad
1181 3807 1276 3868 quae-

62 3884 204 3947 stionem:
232 3881 377 3961 quodnam
397 3879 528 3960 corporis
546 3881 704 3940 membrum
723 3877 761 3939 111
785 3897 862 3958 aqua
886 3873 1126 3955 aspergendnml
1149 3889 1276 3956 respon-

63 3972 174 4034 sinuem
193 3969 317 4031 solidam
335 3967 494 4048 accipiunt.
516 4003 561 4013 -
584 3965 611 4048 ᾗ.
630 3967 660 4028 5.
683 3965 891 4028 Mersationem
910 3963 1015 4024 trinam
1033 3982 1059 4024 s.
1076 3959 1276 4026 intinctionem

63 4057 91 4119 in
109 4077 213 4140 aquam
231 4055 432 4138 baptismalem
447 4054 547 4136 primis
560 4053 671 4136 aliquot
682 4053 802 4126 seculis,
818 4051 1011 4133 apostolicum
1024 4071 1126 4112 aevum
1143 4051 1276 4133 proxime

65 4145 295 4227 excipientibus,
318 4141 349 4203 in
367 4143 494 4205 ecclesia
512 4141 699 4218 Latinorum,
725 4141 904 4204 Graecorum
922 4149 950 4201 et
966 4137 1139 4218 Aethiopum
1161 4151 1276 4202 ueteres

64 4255 233 4315 usurpasse,
253 4231 459 4312 unnsquisque
475 4229 678 4292 historicorum
694 4227 797 4308 largiri
814 4229 910 4301 debet.
932 4226 1118 4308 Augustinus
1135 4227 1276 4308 (111114.

66 4324 100 4384 de
124 4320 255 4405 symbolo
274 4322 310 4382 ad
328 4318 533 4400 baptizandos)
556 4319 598 4380 ita
622 4316 768 4400 loquitur:
792 4323 872 4378 recte
895 4315 979 4378 tertio
996 4315 1086 4377 mersi
1110 4315 1198 4391 estin,
1226 4311 1276 4394 qni

66 4411 240 4496 baptismum
255 4407 287 4472 in
304 4407 420 4472 nomine
438 4407 487 4473 Ss.
505 4405 661 4472 'l'riuitatis
678 4425 746 4474 1111
762 4401 920 4492 accepistis
938 4410 994 4469 eto.
1016 4403 1183 4554 lpqec'voro
1199 4398 1276 4466 trina
