2944 4898
1187 153 1193 160 μ
1454 132 1455 204 l

67 215 75 228 ·
180 213 249 284 ,ro
627 211 719 280 xxx.
738 235 740 238 ·
761 213 787 278 ι.
804 213 841 280 z.
858 195 986 295 nttbger
1097 163 1100 170 ’

206 388 294 454 simul
311 390 447 454 emtarit.
484 389 624 454 llaocbuo
648 411 733 472 porro
750 392 819 452 olon
836 389 932 470 coepit
954 388 1095 458 invocare
1114 395 1221 450 nomeu
1244 384 1377 450 Domini
1392 381 1449 468 *),

204 477 281 540 iuter
297 498 414 555 omnes,
431 495 506 559 quas
522 477 663 556 instituit,
685 479 779 541 Deum
793 475 911 539 ¹colemli
930 473 1111 538 ceremonias
1127 484 1244 537 cautum
1259 484 1339 536 certe
1360 493 1447 536 mun

206 565 311 628 omisit.
344 565 408 628 Nee
423 565 572 641 Noachns,
589 565 638 647 qui
656 582 757 628 omnes
774 574 863 642 artes,
879 562 1034 644 nepotibus
1050 564 1226 640 troclemlas,
1242 561 1456 638 retinueram,

206 645 431 715 musicae'lorte
447 662 492 714 est
506 650 640 730 oblitus,
663 653 733 733 quin
759 652 855 732 potins
872 651 959 714 facile
975 649 1015 711 sit
1030 649 1159 728 creditu,
1190 669 1257 712 eum
1280 669 1318 710 ex
1344 645 1456 712 arca}

128 802 132 813 ,
162 731 165 742 ’
206 757 362 819 egressum
377 739 434 802 Dei
457 738 662 817 benignissimi
686 737 830 800 cecinisse
845 737 948 800 landes
965 748 993 799 et
1009 739 1152 799 eantaurlo
1172 736 1309 798 docuisse
1326 735 1448 798 lilios·

156 901 159 906 Ι
207 826 356 904 Quocirca
381 825 488 887 lrnslra
514 836 542 886 et
563 846 665 906 parum
689 825 783 886 solide
814 824 1056 906 diligentissimus
1081 823 1155 885 alias
1178 844 1276 886 rerum
1292 834 1445 886 natura-

205 911 278 976 lium
297 913 468 990 indagator,
493 909 608 974 Plinius
617 914 659 991 “)
679 913 772 974 maior
791 921 819 974 et
846 911 995 974 Diodorus
1015 909 1202 991 Siculnsm)
1225 911 1457 987 contendunt,

205 1013 294 1076 auus,
317 1000 347 1062 h.
364 1020 390 1063 e.
406 997 560 1077 gentilium
577 999 778 1079 superstitioni
800 999 951 1076 addictos,
985 1017 1052 1060 esse
1075 999 1179 1060 artium
1201 997 1377 1062 inventores
1402 1009 1442 1060 et

206 1087 321 1166 quidem
338 1085 528 1166 Amplrioueno
543 1085 692 1150 invenisse
708 1085 849 1148 musicum
867 1095 1004 1148 asserunt
1018 1084 1164 1148 fabulose.
1178 1119 1224 1130 —
1238 1085 1267 1169 ᾗ.
1283 1085 1314 1148 3.
1331 1085 1441 1146 Anti-

205 1171 378 1254 quissimum
394 1183 489 1234 taaren
507 1172 684 1253 etprimum,
711 1175 788 1254 qnod
806 1171 901 1235 literis
918 1183 962 1234 est
979 1172 1181 1251 consignatum
1198 1182 1226 1234 et
1242 1182 1326 1248 nutu,
1345 1192 1439 1252 pro-

205 1258 392 1340 aioleutiaque
409 1257 528 1322 coelesti
545 1259 575 1337 iu
591 1259 783 1322 instrumento
805 1260 899 1322 aeteri
915 1270 1115 1334 asservatum,
1141 1269 1220 1320 certo
1246 1257 1357 1322 certius
1380 1268 1442 1322 est

206 1366 322 1408 carmen
341 1345 395 1408 viri
411 1347 475 1408 Deo
490 1346 577 1428 louge
593 1346 749 1424 carissimi,
772 1347 877 1424 Musis,
894 1349 982 1427 quod,
1001 1367 1088 1427 qaum
1106 1367 1142 1407 ex
1153 1345 1338 1427 Aegyptiace
1350 1367 1439 1408 ser-

206 1434 298 1496 vitute
314 1431 466 1514 populoru,
491 1433 541 1515 qui
558 1453 664 1497 nomeu
679 1435 766 1496 habet
782 1435 820 1495 alr
837 1433 941 1510 lsrael,
955 1434 1044 1514 jussu
1061 1432 1159 1495 oliriuo
1175 1432 1343 1509 liberasset,
1376 1433 1435 1494 di-

206 1520 280 1582 vinis
298 1519 386 1582 maris
403 1519 484 1582 rnbri
501 1521 593 1602 aquis,
611 1521 730 1603 suisque
746 1514 814 1583 illa's
828 1521 909 1584 sicco
926 1521 999 1602 pelle
1016 1519 1245 1597 transeuntibus,
1261 1520 1437 1601 Aegyptiis

111 1655 114 1662 ,
206 1618 303 1672 autem
331 1606 438 1669 misere
454 1608 616 1670 submersis
631 1609 661 1670 iu
678 1607 749 1670 tanti
763 1607 895 1670 beuebuii
916 1607 1145 1669 recordationem
1174 1607 1238 1668 Deo
1258 1605 1437 1684 cecinit†),

120 1709 126 1722 '
208 1694 255 1756 eni
279 1693 449 1776 adjungitur
471 1694 593 1757 alterurn
617 1707 648 1758 et
670 1694 801 1758 ultimum
827 1692 1435 1777 (Deuterou32,1-43),·qaoolitlern

206 1781 295 1864 paulo
313 1789 380 1844 aute
396 1802 482 1844 snum
501 1803 539 1844 ex
554 1783 610 1846 bue
627 1783 686 1846 uita
702 1783 866 1846 discessum
882 1781 980 1844 divino
996 1779 1138 1842 instinctu
1155 1779 1299 1842 excitatus
1312 1781 1437 1842 condi-

207 1870 264 1946 lit,
281 1868 311 1930 iu
330 1890 388 1950 quo
405 1869 532 1932 divinam
547 1869 689 1950 justitian
706 1890 799 1951 aeque
816 1889 852 1932 ae
870 1868 1096 1948 benignitatem,
1115 1877 1171 1949 qao
1187 1867 1282 1948 ipsum
1298 1867 1435 1949 sibique

209 1957 407 2018 concreditum
431 1955 571 2034 populum
600 1977 743 2017 summum
768 1974 874 2016 numen
897 1966 941 2016 cst
963 1955 1149 2036 complexus,
1174 1953 1302 2017 mirificis
1319 1955 1435 2019 evehit

135 2049 147 2064 ‘
206 2040 355 2102 laudibus.
398 2040 556 2102 Praeterea
578 2040 819 2121 eidempsalmus
842 2041 1190 2122 ordioeuouagesiurus,
1222 2061 1306 2122 quem
1330 2041 1434 2122 juxta

90 2187 93 2192 Α
208 2124 283 2188 tituli
307 2124 525 2204 inscriptionem
543 2148 595 2208 pro
613 2131 770 2191 avertenda
796 2128 898 2190 mortis
922 2129 1066 2192 violentae
1082 2129 1171 2211 plaga
1196 2128 1365 2190 coniecisse
1400 2139 1435 2191 et

208 2215 383 2286 decantasse
393 2211 573 2293 elicitur††),
590 2235 645 2278 nec
661 2236 719 2277 uon
736 2214 882 2279 liberlobi
900 2216 1033 2298 poeticus
1052 2237 1088 2278 ex
1105 2215 1293 2298 plurimorum
1303 2217 1432 2279 Judae-

76 2295 83 2302 “
129 2341 133 2348 -
207 2319 290 2362 orum
307 2317 454 2362 eouseusu
470 2301 668 2382 adjudicatur,
687 2303 772 2384 eujus
788 2303 934 2384 opinionis
950 2305 1067 2385 pondus
1085 2315 1112 2365 et
1130 2299 1321 2380 momontum,
1352 2325 1430 2366 eum

207 2405 267 2448 nou
284 2385 323 2448 sit
339 2385 462 2448 instituti
478 2388 582 2466 nostri,
600 2388 971 2472 aliisxreliuquimus†††).
994 2390 1165 2454 advertisse
1181 2389 1284 2454 saltem
1301 2378 1355 2452 lic
1367 2392 1432 2472 ju·

208 2479 273 2552 rat,
298 2481 412 2536 veteres
429 2472 620 2557 Graeeoa†*)
646 2477 829 2540 vehementer
844 2477 923 2555 salli,
956 2478 1105 2542 nescimus
1121 2497 1179 2560 qna
1196 2477 1353 2540 autoritate
1373 2479 1432 2540 in-

208 2561 328 2635 rluetos,
359 2563 475 2640 quaudo
491 2562 600 2642 primos
617 2563 787 2644 hymnorum
811 2564 995 2641 incentores,
1026 2567 1081 2629 cub
1105 2565 1271 2628 nominibus
1294 2565 1431 2647 Orphei,
1460 2609 1461 2612 ¹

206 2645 337 2722 Homeri,
355 2645 484 2722 Musaei,
500 2648 579 2726 Liui,
595 2649 777 2730 Callimachi,
793 2651 891 2714 Procli
904 2650 1030 2732 etc.·†**)
1043 2655 1198 2716 obtrudere
1214 2651 1324 2730 volunt,
1343 2674 1430 2733 quos

208 2751 308 2793 ornnes
319 2731 423 2795 lllloees
438 2733 586 2812 evidenter
601 2737 770 2820 antiquitate
786 2739 894 2841 pariter
910 2759 945 2802 ae
963 2739 1120 2802 exellentia
1129 2739 1286 2816 antecellit,
1304 2739 1430 2803 suffra-

153 2847 156 2852 ·
207 2829 297 2900 gaulo
311 2819 599 2904 Theudorelu†**‚*),
616 2825 683 2888 elatu
699 2825 756 2888 alt:
773 2819 792 2907 ‘lp
811 2820 955 2908 tiyvoelre,
972 2811 1022 2888 liro
1039 2824 1182 2906 Μωυσῆς
1198 2819 1430 2890 conlocentur

146 2911 152 2920 '
207 2905 386 3006 repositam
413 2899 540 2970 πάντων
562 2908 626 2972 ἐστὶ
651 2910 713 2974 τῶν
737 2907 894 2992 ὑμετέρων
923 2910 1134 2994 ποιητῶνκαὶ
1157 2907 1341 2994 ξυγριιφέωιί
1367 2912 1430 2992 aul

207 2993 389 3074 pclooopoar
404 2987 816 3087 npeossairaeor*†).-§.4.
827 2999 924 3066 Musis
937 3021 1056 3083 morem,
1073 2999 1268 3066 caueuiilleo
1285 3019 1428 3083 carmen,

205 3154 432 3174 *—

274 3231 301 3290 *t
321 3217 386 3284 uae}
404 3236 431 3298 ι,
449 3235 493 3290 eo.

276 3297 539 3426 Qffiffii

275 3429 596 3502 †)Exoc.15,t-te.
623 3437 760 3510 antiquius
778 3442 879 3509 quiden
898 3446 1013 3498 excitare
1033 3443 1110 3509 vult,'
1134 3443 1261 3494 nectabo
1288 3445 1321 3496 acl
1350 3447 1379 3498 b.
1405 3450 1427 3500 l.

207 3505 234 3553 et
255 3503 385 3568 Trogum,
414 3505 442 3554 o‘a
466 3515 535 3560 onor.
552 3515 639 3573 canu,
667 3509 734 3575 quod
753 3509 888 3564 israelitae
909 3515 935 3566 in
953 3514 1068 3582 Aegypto
1094 3519 1260 3577 enumerent,
1290 3513 1352 3566 tutti
1371 3514 1426 3569 Es.

206 3567 492 3709 {gqcffippth‘quum
513 3575 609 3628 insulse
638 3581 665 3628 et
687 3585 778 3632 contra
807 3579 919 3650 Spiritus
939 3583 967 3636 S.
986 3592 1113 3648 mentem,
1150 3597 1183 3633 cx
1208 3579 1302 3645 sodon·
1326 3586 1426 3642 stetim

268 3705 328 3770 “·Η·)
346 3711 455 3768 Hieron.
473 3729 513 3778 ep.
531 3714 569 3764 ud
584 3714 749 3782 cypr-lanam.

258 3777 351 3858 ·†††)
370 3795 396 3832 v.
414 3781 544 3846 rationes,
573 3797 636 3850 quae
655 3782 830 3840 hebraeorum
849 3789 983 3853 magistri,
1015 3795 1042 3840 et
1059 3787 1231 3839 Bellarmluns
1248 3790 1423 3858 praesertim,

206 3843 238 3894 ml
257 3844 283 3896 rtl
301 3848 469 3914 probandum,
493 3851 625 3917 adhibent,
656 3855 723 3920 opud
742 3859 827 3910 Mart.
849 3857 1015 3908 cbmaitc'am
1031 3857 1059 3908 in
1080 3860 1174 3912 Eram
1196 3857 1271 3912 Gora
1295 3858 1423 3912 Μαι.

64 3885 77 3976 ,Ι
104 3937 109 3942 ·
206 3908 235 3960 P·
256 3911 281 3976 1,
296 3929 327 4010 p·
346 3931 380 3967 tu.
402 3918 443 3968 ll.
465 3919 591 3982 rejectae.

273 3981 294 4042 ‘l'
312 3982 322 4040 l
341 3997 367 4033 v.
386 3984 463 4038 Diod.
484 3987 586 4037 Siculas
606 4004 630 4055 p.
653 3989 694 4042 15.
715 3998 742 4042 et
759 3991 835 4041 Plato
853 3993 886 4042 ria
903 3993 1007 4058 legibus
1023 3995 1049 4046 2.
1068 4009 1094 4060 p.
1114 3991 1174 4045 577.
1239 3985 1247 4041 ’,

274 4042 339 4130 Ψ)
356 4049 388 4100 tle
407 4051 478 4104 hisce
496 4052 694 4124 hymnogrupltla
710 4075 737 4111 v.
759 4059 827 4116 coer.
846 4061 961 4128 atodtg.
982 4063 1040 4116 lect.
1057 4063 1139 4130 nntr'q.
1158 4061 1200 4126 tt,
1221 4062 1266 4118 2t.
1289 4076 1316 4129 p.
1339 4062 1421 4116 1⁰8³.

188 4137 190 4142 ·
207 4117 234 4163 et
257 4115 367 4166 Vnumne
384 4119 416 4167 ele
426 4127 576 4184 poenatem
595 4134 675 4178 caat·
692 4129 718 4192 5,
736 4130 774 4185 2,-
1030 4165 1034 4174 ,

217 4203 221 4212 .
274 4179 355 4248 qaae)
374 4189 453 4241 sm,
470 4190 498 4244 2.
517 4190 582 4256 περὶ
599 4187 684 4259 ἀρχῆς
701 4211 727 4262 p.
746 4197 789 4252 28·

228 4269 231 4276 ·
274 4249 289 4276 ¹·
311 4251 324 4315 )
344 4267 375 4334 ne
394 4253 454 4320 quiri
472 4256 587 4310 alienorae
606 4259 636 4311 le
656 4262 945 4333 bymuiuhesyptiorurn
964 4266 1004 4332 (v.
1019 4248 1117 4323 Athen.
1130 4268 1226 4334 Deipa.
1240 4265 1279 4332 5),
1299 4265 1422 4321 Arabum

206 4318 246 4384 (v.
268 4253 401 4388 Plarapur
419 4323 448 4371 e'a
465 4326 536 4406 Hirr.
554 4329 675 4393 Dpanrt.)
703 4331 858 4400 Persarum,
885 4333 922 4403 (v.
950 4337 1067 4394 aaron.
1090 4337 1123 4388 tle
1147 4341 1220 4393 Pe'ra.
1238 4334 1371 4403 prtneip,
1390 4340 1419 4394 2.

206 4400 232 4454 p.
253 4384 330 4455 238.)
351 4389 394 4458 qul
411 4387 517 4452 Graecos
538 4395 639 4450 omuino
659 4407 720 4454 suut
737 4402 907 4472 antiquiores.
1312 4413 1316 4420 ’
