2944 4890
1061 97 1068 114 ’
1167 111 1188 164 Ι

197 195 266 267 nro
500 243 503 250 .
632 187 741 262 nnn.
773 145 978 258 torona·

105 445 106 452 ,
175 359 292 455 ‘longit
314 370 457 455 plurimos
478 367 645 432 tristissimo
663 369 726 433 late
745 367 863 452 perimo
881 368 951 450 igne
968 368 1093 450 periisse
1110 376 1232 432 eoum.
1277 367 1419 431 Ceterum

201 465 279 547 qood
306 463 342 523 ad
368 459 500 540 linguam
525 457 640 536 attinet,
671 477 730 540 qun
756 457 962 538 consignatum
988 459 1043 518 bre
1076 455 1264 537 inperatoris
1289 457 1420 518 edictum

200 551 325 635 priorum
348 546 438 609 luerit
454 555 482 608 et
498 545 575 628 juris
594 544 705 628 publici
723 547 852 623 laetum,
873 563 977 608 ouum
994 565 1053 606 non
1071 545 1230 607 abhorrere
1248 563 1421 622 censemus,

200 639 319 722 quaudo
342 653 452 715 graece
470 633 669 714 conscriptum
692 633 768 694 illul
790 620 983 698 atl'iirmarcos.
1023 631 1105 724 ,Cum
1133 633 1209 695 enim
1226 632 1422 695 Nicomediae

199 727 230 789 io
247 723 383 806 llitluynia
398 722 472 783 illud
491 722 583 803 primo
599 721 751 802 prodierit,
769 738 894 784 necesse
910 721 1011 802 otique
1028 731 1099 796 erat,
1116 731 1149 783 ut
1162 720 1243 782 illins
1260 721 1423 801 religionis

199 815 304 893 lingua
326 811 529 883 adbiberetur,
555 831 613 890 quo
633 808 743 890 percipi
764 809 900 871 voluntas
924 809 1110 890 imperatoris
1129 815 1168 872 eo»
1182 809 1287 870 melius
1304 817 1422 890 posset.

200 905 248 966 Διι
265 897 341 962 alias
360 909 455 960 tanuen
472 897 586 978 imperii
603 897 730 959 Romani
747 897 886 977 regiones
905 896 996 958 latino
1012 915 1184 960 conversura
1201 897 1325 958 missum
1344 897 1420 958 illul

200 989 295 1050 fnisse
318 1007 377 1047 nou
395 985 580 1063 dubitamus,
605 1005 640 1046 eo
664 986 740 1066 quod
766 986 796 1046 in
815 983 893 1064 illis,
919 995 951 1046 et
965 984 1145 1066 poosstnun
1163 985 1194 1044 in
1213 983 1332 1061 Atrine,
1358 984 1422 1046 iere

200 1075 302 1140 nullos
319 1074 441 1153 linguae
458 1071 586 1163 graecae
603 1092 677 1134 osus
694 1071 830 1136 extiterit.
1272 1085 1285 1116 ·'

288 1165 322 1240 7)
345 1161 456 1225 locata
474 1171 519 1222 est
538 1160 751 1240 persecutionis
776 1161 864 1242 hujus
882 1157 1092 1222 universalitas
1108 1159 1138 1220 iu
1155 1159 1275 1220 ‹lubiutn
1292 1159 1421 1239 potissi-

201 1267 281 1313 mum
298 1252 335 1311 ab
351 1249 442 1310 Honr.
459 1246 617 1310 Dolnello·
630 1249 675 1330 (in
692 1253 769 1309 Dios.
784 1254 839 1310 Xb.
851 1252 1018 1328 opprtuatm
1034 1249 1072 1309 tle
1085 1254 1224 1328 pentorn
1238 1247 1420 1330 mortorum).

202 1335 441 1401 sternutantis
457 1337 581 1398 eundem
599 1345 715 1416 praeter
732 1334 807 1397 alios
826 1335 921 1400 solide
938 1355 974 1397 ou
993 1337 1105 1397 erudite
1122 1335 1235 1397 Theonis
1252 1335 1420 1398 louinartus

203 1427 341 1506 (praefat.
358 1445 449 1502 ponor.
468 1431 498 1485 in
516 1428 590 1485 Aeto
606 1434 759 1498 rncrtmuno
783 1422 810 1504 b.
827 1429 886 1486 ιιι.
905 1443 981 1485 norat.
1000 1425 1175 1502 59-62,).
1207 1423 1321 1502 Nogari
1342 1433 1420 1486 certe

201 1533 262 1574 nun
279 1518 384 1594 potest,
408 1531 467 1572 nou
486 1509 602 1592 penitus
619 1510 762 1572 immunes
777 1509 873 1572 fuisse
890 1510 1028 1590 regiones
1045 1509 1161 1592 aliquas
1180 1513 1216 1572 ab
1234 1512 1288 1572 bae
1306 1521 1421 1592 tempe-

202 1609 294 1676 state,
318 1619 384 1660 oum
405 1598 513 1659 diserte
535 1596 611 1658 illud
630 1598 741 1679 antiqui
760 1597 921 1690 scriptores
939 1608 967 1659 et
983 1607 1048 1660 acta
1065 1609 1224 1680 rnartprutn
1242 1597 1421 1680 loquantur3

200 1687 260 1751 vid.
279 1685 393 1766 Sulpic.
412 1687 541 1748 Severus
564 1689 629 1748 bist.
646 1707 745 1747 oneror
758 1683 789 1763 2,
806 1687 876 1760 ³²4
896 1685 1070 1747 Lactantius
1090 1689 1122 1746 ιιι
1139 1697 1218 1747 mort.
1238 1709 1266 1765 p.
1284 1707 1349 1767 cop.
1369 1689 1419 1752 to.

202 1783 231 1838 et
246 1775 320 1837 Acta
340 1795 366 1836 s.
382 1770 495 1835 Felicis
518 1775 598 1854 aputl
614 1770 751 1854 Optatam
775 1795 803 1852 p.
823 1773 895 1836 146.
940 1773 1082 1851 Quamuis
1100 1785 1127 1835 et
1146 1775 1174 1834 id
1194 1773 1283 1834 facile
1301 1772 1419 1854 largia-

201 1883 284 1938 mur,
318 1883 375 1922 noo
403 1863 503 1922 eodem
532 1863 616 1922 ruodo
643 1860 754 1942 ubique
778 1872 919 1922 terrarum
946 1863 1089 1924 adversos
1114 1860 1302 1922 Christianos
1324 1863 1418 1924 luisse

188 1939 365 2026 ‘saeuitum
397 1949 426 2009 io
445 1949 529 2028 ,quod
554 1947 715 2028 speciatim·
731 1947 761 2008 in
786 1947 882 2010 Gallia
908 1951 963 2010 sub
988 1949 1164 2011 Constantio
1190 1948 1302 2010 Cbloro·
1329 1948 1417 2031 paolo

201 2037 301 2098 mitius
318 2035 462 2098 accidisse
478 2033 602 2116 violetur,
619 2043 666 2118 qai
682 2036 770 2118 (teste
787 2035 940 2098 Lactantio
957 2057 983 2100 e.
998 2037 1062 2117 lb.)
1079 2059 1112 2098 no
1128 2039 1274 2098 dissentire
1288 2059 1306 2098 u
1324 2041 1417 2117 mojo-

200 2145 264 2188 rcno
282 2129 439 2204 ¹praeceptio
457 2125 608 2197 rideretur,
627 2127 830 2200 concenticala,
856 2130 874 2186 i.
890 2145 913 2187 ι.
931 2131 1068 2205 parietes,
1091 2130 1139 2205 qtri
1157 2131 1265 2186 restittat
1281 2135 1417 2205 poterent,

201 2214 276 2274 (lirai
291 2215 395 2292 possm
411 2221 460 2287 est,
475 2233 569 2273 corono
585 2217 675 2272 actoni
692 2217 745 2272 Dei
760 2214 899 2292 temptent,
915 2215 987 2293 qtrorl
1002 2223 1042 2273 eet
1056 2219 1087 2274 in
1102 2215 1266 2286 bominibus,
1284 2217 1418 2276 incolente

200 2301 329 2362 smooeit.
364 2299 450 2378 Quod
467 2317 535 2360 vero
553 2299 584 2358 in
602 2297 702 2378 primis
719 2298 753 2358 in·
767 2298 868 2360 Africa
885 2295 1093 2362 maluntistutl
1106 2299 1247 2361 latissime
1263 2303 1416 2380 serpserit,

201 2386 391 2467 cognoscitur
420 2383 467 2448 uel
493 2407 530 2448 ex
553 2385 688 2448 maximis
715 2386 905 2464 tumultibus,
939 2387 987 2468 qni
1016 2388 1045 2447 iu
1070 2387 1121 2448 illa
1146 2386 1277 2464 ecelesia
1298 2391 1336 2450 ab
1363 2389 1415 2451 isto
1456 2427 1457 2430 =

200 2485 330 2552 ternpore
354 2474 407 2535 orti
432 2484 511 2536 sunt.
555 2473 711 2536 Praeterea
735 2473 889 2536 confirmat
911 2477 1031 2536 eandem
1058 2495 1117 2536 reru
1143 2475 1266 2554 egregie
1291 2475 1415 2557 Optatus

204 2560 309 2624 Milev.
329 2564 375 2641 (rie
386 2565 496 2624 soblem.
509 2568 652 2625 Donatista
669 2567 774 2643 xlii.)
793 2563 911 2624 dicens:
930 2565 1016 2638 ferme
1034 2574 1098 2624 onte
1113 2585 1204 2624 ornos
1218 2571 1377 2642 ueauptnto,
1394 2576 1417 2626 ιι

200 2651 274 2730 qaod
304 2656 442 2726 eructarit,
476 2670 525 2728 per
549 2659 636 2710 toturn
661 2651 790 2726 Africum
814 2657 1010 2730 persecutionis
1035 2661 1075 2712 est
1098 2653 1231 2730 iiooputo-
1257 2663 1415 2732 tempestus.

200 2737 291 2798 lmmo
316 2746 344 2798 et
368 2745 553 2817 monumento
577 2735 635 2796 ili-a
655 2747 768 2812 uetera,
795 2757 870 2818 quoe
894 2758 966 2798 snae
988 2737 1085 2816 Optnti
1110 2737 1228 2800 editioni
1248 2739 1300 2800 Du
1316 2740 1415 2802 Pinios

200 2824 317 2906 adjecit,
338 2824 503 2886 certissime
520 2825 694 2901 ostendunt,
720 2835 947 2904 persecutorum·
960 2826 1069 2887 rabiem
1087 2825 1344 2890 uehementissime
1360 2829 1413 2890 ibi-

200 2914 265 2974 dem
282 2911 377 2973 luisse
394 2923 561 2992 grassatam
581 2921 669 2993 atque
687 2932 740 2992 per
758 2913 906 2974 biennium
925 2913 1131 2977 continuatam.

287 3001 321 3076 8)
349 2999 422 3060 Com
448 2997 504 3060 hoo
523 2998 612 3060 fuerit
631 3019 683 3078 per
701 2999 826 3062 edictum
843 3001 1026 3082 imperatoris
1045 3002 1207 3083 injunctum
1233 3003 1415 3086 principibus

148 3139 152 3145 .
200 3093 228 3149 et
247 3087 468 3166 magistratibus
491 3085 641 3148 universis
663 3085 809 3166 cilicium,
835 3097 867 3149 nt
889 3088 981 3149 libros
1002 3087 1240 3152 Christianorum·
1259 3094 1296 3153 ao
1317 3091 1414 3173 ignem

199 3176 336 3236 omnibus
355 3173 448 3234 modis
469 3183 633 3252 poscerent,
660 3191 718 3235 non
737 3185 846 3237 tantum
871 3185 903 3236 nt
923 3179 1076 3239 credamus
1093 3197 1147 3258 par
1163 3189 1217 3255 est,
1242 3177 1333 3258 ipsos
1348 3181 1414 3241 nibil

196 3261 307 3325 fecisse
330 3261 447 3341 reliqui,
474 3261 550 3338 quot
570 3263 609 3322 ad
628 3260 802 3324 volontatem
821 3263 959 3326 Caesaris
978 3265 1100 3344 Augusti
1130 3266 1308 3346 explendam
1328 3268 1415 3349 parti·
1456 3293 1457 3306 ι

91 3369 95 3375 ’
196 3371 271 3420 nere,
291 3369 381 3428 posse
399 3349 561 3425 videbatur,
586 3369 685 3411 rernm
711 3361 739 3412 et
757 3351 824 3432 ipsa
839 3351 972 3414 ¹historia
997 3352 1112 3416 diserte·
1131 3354 1186 3414 lton
1203 3354 1299 3418 tradit.
1348 3357 1416 3418 Erat

197 3439 273 3500 eninr
290 3435 353 3498 illis
365 3436 437 3498 baeu
448 3435 634 3516 imperatoris
644 3441 737 3517 jessem
748 3451 847 3501 cuncta
863 3450 890 3501 et
901 3452 1074 3522 praeceptam
1084 3453 1210 3503 sanctorm
1228 3442 1283 3522 (uti
1295 3457 1416 3505 voratur

105 3535 107 3540 “
197 3528 304 3590 diserte
330 3525 360 3585 in
379 3523 479 3586 Gestis
497 3524 688 3604 Purgatiouis
704 3526 816 3588 Felicis
833 3527 1027 3608 Aptungitani
1048 3549 1075 3608 p.
1094 3527 1169 3605 roa
1181 3552 1209 3592 u.
1226 3534 1305 3610 opud
1324 3531 1416 3614 Opta-

197 3619 273 3687 tun)
295 3615 428 3694 adeonae
454 3621 482 3674 et
504 3622 606 3674 sancte
625 3615 857 3676 coaudiendum.
904 3615 976 3676 lntle
996 3615 1085 3677 otiam·
1100 3634 1167 3678 esse
1186 3617 1313 3697 ridetur,
1341 3623 1414 3703 qnod

194 3701 312 3782 judices
332 3699 530 3776 Caesareani,
556 3702 673 3777 qnando
698 3721 715 3763 a
742 3702 917 3786 martyribus
941 3707 1102 3784 poscebant
1125 3705 1244 3768 codices
1268 3715 1360 3790 atque
1388 3709 1413 3768 bi

92 3851 95 3859 Α
196 3790 267 3849 dare
295 3788 364 3850 illos
390 3787 486 3850 multis
510 3787 608 3850 verbis
637 3792 815 3866 renuebant,
846 3790 944 3852 dicere
970 3791 1191 3856 consueverint:
1222 3801 1320 3873 pane,
1345 3797 1413 3868 sire,

195 3881 316 3953 primam
340 3887 396 3954 est,
420 3878 492 3956 qrroul
508 3881 689 3956 imperotores
701 3880 863 3956 p'trsoenrat,
887 3899 970 3960 panon
988 3882 1036 3956 iil,
1061 3882 1132 3960 qrrorl
1156 3891 1187 3941 ιιι
1204 3884 1343 3963 loqrterta3
1375 3884 1412 3944 oti

196 3960 296 4022 vilere
317 3960 387 4023 licet
404 3962 434 4022 iu
453 3965 533 4026 Actis
558 3983 583 4026 s.
600 3963 711 4024 Felicis
730 3965 953 4048 'l'ubyrocensis
979 3966 998 4028 ι’.
1017 3984 1041 4027 e.
1066 3989 1095 4048 pt
1114 3965 1185 4031 lto.
1205 3971 1232 4031 b.
1278 3969 1413 4048 Agebnot

194 4047 287 4129 igitur
305 4047 334 4109 id
351 4059 469 4111 strenue
483 4051 610 4133 judiees,
629 4061 661 4112 ut
676 4051 769 4114 libros
788 4073 891 4115 sacros
908 4053 1075 4134 flagitarent
1091 4065 1121 4116 et·
1136 4055 1193 4116 uisi
1212 4056 1289 4118 ultro
1307 4061 1413 4121 daren-

195 4145 260 4212 tur,
286 4143 344 4196 tum
369 4137 472 4214 minis,
497 4149 555 4200 turn
575 4139 776 4202 acerbissimis
799 4143 948 4203 tormentis
967 4161 983 4203 o
1001 4142 1144 4204 iconibus
1161 4142 1296 4206 fidelium·
1311 4159 1412 4208 extur-

196 4233 328 4306 quereot.
374 4223 548 4302 Negantlom
567 4227 682 4306 quitl'eru
701 4229 749 4290 vix
767 4239 819 4304 est,
841 4237 872 4290 nt
887 4229 1044 4310 plurimum
1058 4230 1177 4311 judices
1195 4233 1233 4293 ub
1251 4232 1337 4295 initio
1356 4235 1411 4297 leni
1456 4251 1457 4264 ¹

171 4311 334 4392 'alloquio
365 4321 506 4390 martyres
536 4312 748 4394 compellasse3
781 4326 812 4378 ut
840 4339 905 4378 conr
933 4317 1083 4379 dicerent:
1115 4321 1233 4380 boteone
1256 4329 1411 4403 scripturus

194 4397 372 4462 dominicus?
392 4396 474 4486 sire:
502 4401 539 4459 da
561 4402 648 4463 libros
665 4406 708 4464 cel
724 4407 914 4484 osembruaus,
936 4425 1110 4491 promonens
1128 4409 1225 4486 bobus,
1249 4419 1282 4470 ιιι
1304 4418 1409 4496 possint
