2944 4890
176 151 249 230 aa
577 129 716 228 “xtra
746 157 813 224 uo.
829 156 952 224 aaron
1002 113 1007 128 ’

175 339 295 425 inpone
321 335 554 404 Romanorum
573 331 682 422 faerit
701 335 837 420 priscae
869 331 1041 419 relipionis
1063 353 1149 400 enne
1178 351 1288 422 eura,
1317 355 1389 400 cero

177 446 244 492 non
266 431 315 490 cst
337 421 498 511 absimile,
518 421 755 508 imperatorem
776 421 848 490 irleo
866 421 1073 508 potissimam
1091 419 1193 488 libros
1210 442 1332 488 sacros
1351 421 1391 486 al

177 531 297 598 rapum
324 511 504 576 domitasse
510 558 521 598 ,
552 510 639 598 qaod
659 512 746 595 ipsos
776 508 965 596 perutilitiac
986 509 1216 594 superstitioni
1237 509 1392 575 adoneae

180 595 499 678 animadverterest)
524 618 566 663 oc
582 598 721 684 proinde
734 619 798 684 pro
816 596 923 681 atheis
937 595 1092 684 baberet,
1114 603 1175 661 ont
1192 596 1394 684 mapicis,¹⁰l

181 693 242 752 ant
267 683 491 771 seditiosis,¹¹)
521 686 619 750 immo
640 682 732 772 forte
755 687 858 751 etiam
878 681 1083 768 simplicibus
1112 689 1144 748 ct
1175 681 1391 771 barbaris,¹²)

180 781 281 862 otone
296 774 331 840 in
346 772 537 838 nniversam
549 773 684 838 nonnisi
699 772 745 838 ool
755 767 980 858 obfirmandos
990 770 1258 837 Christianorum
1274 779 1392 836 corrtra

179 861 411 928 Romanorum
429 857 622 944 relipioncm
643 860 771 926 animos
789 860 934 946 scriptio,
957 857 1074 946 quibas
1093 880 1110 922 e
1128 857 1234 924 medio
1249 857 1394 924 sublatis

179 946 322 1034 facilior
349 946 502 1031 deinceps
530 945 656 1033 saturo
683 948 727 1012 sit
748 945 885 1012 illorum
907 943 958 1010 vel
981 945 1027 1012 ael
1047 945 1291 1030 propanismum
1312 966 1394 1012 corr

179 1035 286 1100 nereio
308 1031 584 1100 oetsiaioersatts
605 1031 817 1116 interitus.¹³)
1375 1055 1382 1064 ·

268 1137 304 1220 9)
331 1139 449 1217 Quanta
472 1139 561 1202 fuerit
576 1139 729 1219 gentilium
746 1159 826 1216 cura,
850 1157 887 1200 ue
906 1139 954 1220 qui
974 1150 1074 1200 contra
1092 1138 1222 1218 ipsorum
1240 1137 1330 1218 leges
1349 1148 1397 1200 snt

181 1225 360 1304 theologiam
378 1225 488 1307 aliquid
511 1226 690 1304 inveherent,
708 1230 784 1308 quod
801 1227 831 1287 in
849 1225 1030 1307 reipublicae
1054 1228 1158 1288 cedere
1175 1239 1277 1306 posset
1294 1229 1396 1307 perni-
1439 1221 1443 1350 y

181 1314 274 1391 ciem,
292 1313 345 1375 illa
357 1314 418 1394 jam
435 1335 472 1376 ex
493 1323 574 1394 parte
593 1318 759 1393 ostendunt,
784 1335 859 1396 qnae
878 1333 968 1395 supra
985 1314 1214 1377 observavimus.
1240 1315 1398 1395 Quamque

181 1401 291 1464 luerint
304 1401 379 1482 ipsis
396 1402 478 1480 leges
493 1402 562 1464 illae
578 1423 692 1480 sacrae,
709 1403 815 1484 quihus
831 1403 886 1464 hoo
899 1403 993 1484 ipsum
1008 1401 1250 1483 praecipiebatur,
1269 1399 1315 1464 vel
1332 1402 1398 1464 inde
1444 1432 1445 1492 y

181 1489 269 1554 eliam
295 1491 435 1570 cognosci
463 1497 572 1570 potest,
604 1493 679 1572 quod
704 1489 857 1572 capitalem
881 1511 1004 1572 poenam
1029 1489 1162 1568 infligere
1187 1491 1397 1552 consueverint
1445 1502 1446 1554 l

184 1587 285 1640 uoulra
301 1577 369 1638 illas
386 1578 588 1658 peccantibus.
631 1577 702 1640 lnde
718 1599 786 1642 vero
804 1576 922 1658 planum
940 1592 983 1638 est
1000 1598 1035 1638 ao
1050 1576 1139 1659 laci-le
1156 1581 1191 1639 ul
1210 1577 1399 1640 Christiano·

182 1686 248 1728 ram
272 1684 374 1728 sacros
394 1665 571 1728 concludere
588 1665 700 1742 libros,
725 1673 824 1746 utpote
842 1665 889 1745 qui
909 1686 965 1726 non
985 1673 1094 1726 tantum
1112 1667 1232 1726 deorum
1249 1665 1343 1726 cultui
1364 1687 1399 1727 ac
1448 1708 1449 1732 ,

183 1752 362 1817 multitudini
380 1752 480 1814 farere
493 1775 551 1814 non
570 1764 710 1834 poterant,
728 1755 779 1815 sed
795 1763 822 1814 ct
836 1752 974 1814 invisitatis
987 1753 1052 1833 ipsu
1064 1773 1149 1834 quam
1161 1751 1399 1814 luculentissime
1449 1778 1450 1796 ν

184 1841 410 1918 convincebant3
434 1862 490 1922 quo
508 1841 624 1904 scilicet
639 1843 736 1904 animo
755 1861 901 1921 quamque
925 1841 1062 1918 benignis
1080 1841 1174 1902 oeulis
1197 1839 1316 1902 tulerint
1333 1841 1401 1902 illos
1450 1846 1451 1860 ¹

182 1929 329 2007 homines,
352 1928 532 1990 densissima
556 1928 708 2008 religionis
725 1929 830 1990 foedae
847 1927 974 2007 caligine
991 1928 1097 2007 obruti,
1124 1929 1171 2009 qui
1189 1949 1296 1990 vanum
1314 1950 1400 1990 omrre

144 2019 157 2040 ⁸
184 2038 221 2080 uc
241 2017 395 2099 profanum
414 2016 626 2094 existimabant,
652 2020 727 2098 quob
748 2037 837 2078 asoa
855 2015 967 2078 ratione
984 2018 1068 2078 deum
1087 2017 1199 2078 nolendi
1217 2017 1400 2078 ahhorreret.

183 2105 229 2168 Itu
252 2105 381 2186 prolecto
407 2116 532 2166 meretur
555 2104 604 2166 hio
626 2105 759 2165 adnotari
779 2101 931 2166 Aureliani
955 2104 1023 2185 imp.
1043 2104 1072 2164 in
1094 2103 1276 2165 Christianos
1300 2105 1400 2165 edium

183 2193 325 2271 irnmane,
352 2195 388 2254 ob
404 2203 518 2273 spretos
536 2194 573 2254 ab
599 2191 642 2254 eis
657 2192 749 2254 libros
768 2189 930 2272 Sibyllinos
949 2201 977 2252 ct
994 2191 1157 2269 neglectam
1178 2213 1277 2254 eorum
1296 2192 1400 2273 inspe-

185 2283 325 2360 ctionem,
352 2302 438 2364 qunm
462 2281 686 2344 tamcnRomae
710 2267 827 2342 mbximi
852 2279 980 2340 habitam
1005 2281 1128 2341 antehac
1162 2292 1189 2340 ct
1220 2279 1338 2342 nonnisi
1370 2282 1399 2340 in

183 2369 433 2450 praesentissimis
458 2369 599 2449 perieulis
624 2379 788 2450 susceptam
807 2367 902 2429 luisse
921 2377 1033 2429 constat
1062 2370 1128 2446 (sid.
1147 2365 1232 2430 Flav.
1250 2367 1400 2448 Vopiscus

183 2455 215 2516 in
232 2461 385 2518 Atvrelinno
407 2480 429 2518 e.
448 2460 525 2532 20.).
568 2457 711 2520 Nimirum
736 2456 786 2519 vix
811 2455 930 2516 dubiam
955 2465 1017 2532 est,
1041 2456 1101 2536 jam
1128 2468 1187 2516 turn
1212 2456 1351 2536 temporis
1370 2456 1399 2515 iu

184 2554 288 2606 senatu
308 2544 440 2605 extitisse
457 2545 657 2620 Christianos,
683 2544 732 2624 qui
750 2542 930 2624 exploserint
947 2564 1050 2604 vanam
1068 2541 1277 2624 Sibyllinorum
1295 2543 1401 2624 inspe-

186 2629 310 2692 ctionem
328 2632 365 2691 nh
389 2630 565 2712 imperatore
587 2632 778 2712 postulatam,
804 2630 939 2692 fallacem
959 2631 1067 2710 quippe
1090 2641 1118 2692 et
1135 2631 1164 2691 in
1182 2629 1309 2694 divinam
1329 2653 1399 2710 pro-

184 2717 341 2780 videntiam
358 2717 505 2800 injuriant.
551 2729 679 2782 Moratur
694 2741 757 2798 erpo
776 2721 881 2796 (verba
898 2725 967 2780 sunt
983 2717 1087 2780 Claud.
1106 2719 1246 2800 Salmasii
1263 2722 1299 2781 ab
1317 2721 1346 2781 h.
1365 2717 1401 2798 l.)

184 2809 355 2868 Aurelianos
370 2825 426 2868 sun
442 2805 472 2868 in
491 2807 624 2887 epistola,
642 2819 699 2869 tom
716 2810 764 2868 din
779 2809 917 2868 dubitasse
931 2817 1024 2888 patres
1040 2814 1209 2888 conscriptos
1222 2810 1255 2868 ‹le
1267 2815 1397 2887 aperien-

185 2895 229 2954 eiiu
244 2896 324 2956 libris
343 2897 496 2972 Sibyllinis,
514 2898 627 2975 perinde
645 2902 725 2976 quasi
741 2902 771 2957 in
790 2898 1010 2956 Christianorum
1026 2897 1139 2956 eeclesia
1155 2903 1306 2956 sententias
1322 2899 1397 2956 lice-

150 3039 154 3053 „
183 2990 259 3052 rent,
282 3002 337 3042 non
353 2988 383 3042 in
400 2984 512 3044 oleorum
534 2991 657 3044 oneninm
678 2987 777 3062 templo
800 2993 839 3044 tot
860 2985 1038 3061 oelipionibns
1060 2993 1182 3045 sacrato.
1223 2986 1399 3044 ctrrtsnonos

183 3073 254 3128 eninr
270 3073 418 3148 impioram
429 3081 453 3130 et
469 3063 579 3130 ἀθέων
594 3092 706 3132 noenum
717 3071 860 3143 habebant,
878 3077 924 3150 syrti
935 3073 1007 3131 mulo
1019 3071 1052 3130 bc
1064 3073 1241 3149 reliyionibns
1254 3079 1396 3148 sentirent,

182 3165 207 3216 et
223 3158 315 3218 nullos
332 3159 397 3218 deos
415 3160 540 3236 colerent,
556 3161 635 3218 nttlla
652 3161 754 3238 temple
772 3165 801 3218 in
816 3161 944 3219 loonorem
961 3160 1087 3220 diuorum
1103 3170 1242 3220 castineto
1258 3161 1397 3220 baberent.

181 3249 298 3304 incursat
313 3250 397 3319 ipitur
420 3254 560 3304 senatores
579 3249 750 3327 Aurelianos
773 3268 803 3306 eo
823 3253 939 3321 nominc,
961 3249 1032 3326 quood
1053 3250 1159 3308 tamdia
1177 3254 1318 3308 sententiis
1337 3254 1399 3307 soris

181 3333 338 3392 distulerint
360 3351 417 3390 rem
435 3337 512 3409 piem
531 3341 557 3391 et
575 3335 612 3394 ab
631 3335 789 3412 relipionent
806 3341 983 3411 pertinentem
1007 3344 1031 3393 et
1057 3335 1170 3396 beorum
1187 3337 1315 3396 ltonorem
1334 3337 1398 3394 crel-

180 3428 290 3497 tomspte
312 3427 495 3496 spectantem,
520 3421 652 3481 librorum
676 3443 769 3499 nempe
785 3425 982 3496 Sibyllinorum
1004 3427 1206 3501 inspectionem.
1251 3421 1399 3484 Mittimus

179 3505 295 3584 reliqua
314 3513 342 3566 et
359 3504 495 3566 lectorem
514 3518 643 3568 nostrum
663 3510 699 3568 ad
727 3508 822 3588 ipsum
843 3508 1020 3570 Salmasium
1038 3509 1222 3588 ablegamus,
1243 3510 1397 3590 quietiora

180 3590 288 3654 ibidem
309 3591 430 3675 elegans
447 3593 554 3654 lustini
571 3595 660 3658 Mart.
679 3595 873 3658 testimonium
894 3596 1049 3676 produxit,
1077 3617 1113 3658 ex
1133 3619 1189 3678 quo
1224 3618 1275 3674 pro
1301 3598 1398 3658 atheis

181 3685 210 3738 et
237 3679 331 3742 omnis
357 3679 514 3760 religionis
535 3681 668 3744 hostibus
688 3683 804 3744 habitos
828 3683 921 3745 luisse
949 3695 1017 3744 tuno
1037 3686 1175 3765 temporis
1200 3683 1399 3762 Christianos,

181 3764 287 3843 oppido
306 3767 473 3830 luculenter
493 3778 578 3849 patet.
624 3771 698 3848 Quis
721 3791 789 3832 vero
810 3770 937 3845 dulsitet,
965 3771 1040 3832 hane
1065 3793 1180 3853 quoque
1207 3771 1397 3833 occasionem

179 3859 277 3910 antam
295 3853 432 3933 malignis
449 3857 591 3933 hostibus,
615 3867 656 3934 ut,
682 3878 747 3918 cum
770 3858 891 3919 oracula
903 3857 1093 3939 Sibyllarum,
1111 3858 1218 3920 feriales
1232 3881 1268 3920 ac
1281 3859 1399 3922 divinos

180 3956 299 3998 suorum
323 3939 422 4017 libros,
445 3944 563 4004 nonnisi
583 3945 620 4004 ab
644 3943 737 4005 atheis
755 3946 852 4038 sperni
873 3965 962 4025 posse
980 3949 1142 4021 crederent,
1163 3947 1191 4006 bi
1209 3947 1289 4010 virus
1308 3969 1398 4010 sunm

181 4043 266 4083 omne
290 4024 319 4083 in
344 4023 435 4090 libros
455 4031 487 4091 S.
506 4031 539 4092 S.
563 4052 630 4094 vere
654 4032 769 4094 divinos
792 4021 964 4110 effubcrint,
996 4034 1074 4095 velut
1094 4035 1219 4114 priscam
1245 4035 1398 4097 solventes

179 4107 355 4186 religionem
377 4133 412 4175 ac
439 4117 558 4202 proinde
583 4120 612 4180 in
640 4120 796 4200 perniciem
822 4119 1004 4200 reipublicae
1029 4124 1130 4200 datos,
1159 4143 1213 4183 neo
1237 4123 1295 4183 nisi
1320 4143 1400 4202 rogo

179 4197 308 4279 igneque
327 4200 432 4280 dignos
456 4215 484 4264 et
507 4225 559 4284 per
584 4205 667 4269 illum
684 4219 803 4270 aeterna
819 4219 904 4269 nocte
923 4208 1120 4288 sepeliendos.
1164 4210 1252 4272 Certe
1271 4210 1400 4273 Diocle·

180 4287 288 4363 liunus,
310 4287 359 4366 qui
379 4275 528 4350 Aureliani
547 4295 692 4355 maximus
708 4295 764 4356 fuit
781 4305 933 4357 venerator
950 4307 977 4356 et
994 4299 1103 4378 dignus
1120 4307 1187 4358 ante
1202 4297 1287 4373 alios,
1308 4315 1399 4380 quem

179 4370 211 4431 in
229 4372 394 4456 principatu
416 4387 603 4454 sequeretur,
628 4379 673 4442 vel
697 4381 782 4458 iude,
807 4392 838 4444 ut
857 4382 999 4464 conjicio,
1024 4384 1159 4446 stimulos
1178 4404 1294 4472 qnoque
1320 4383 1399 4448 tales
