2968 4896
212 211 277 304 aaa
579 209 727 277 xxxva.
771 207 808 274 c.
826 209 864 276 a.
882 204 1069 274 uramur

148 403 154 418 ²
240 421 251 436 ν
299 386 427 466 Quinam
444 395 541 450 autem
560 386 684 450 ministri
703 387 791 469 liujus
812 386 886 462 ritps
904 382 1049 451 luerent?
1085 382 1120 446 Si
1139 382 1207 464 quio
1224 381 1458 450 ratiocinatio»

213 476 323 540 nis-via
339 475 387 537 bic
402 475 505 556 colligi
522 473 641 548 liceret,
666 475 754 536 lacile
772 475 823 535 tibi
839 477 1047 555 persuadeam,
1073 472 1101 532 it
1120 491 1227 552 genus,
1254 483 1317 532 tam
1338 472 1437 549 gnaris
1457 469 1458 474 ’

215 565 359 637 momenti,
378 563 533 626 exorcismi
549 567 586 624 ab
603 562 699 624 altiori
716 571 913 644 perpetratam
930 561 1032 635 luisse,
1051 581 1138 640 quam
1155 562 1192 620 ab
1205 557 1435 634 eaomietarum,

216 673 300 734 quern
318 673 409 732 supro
425 651 620 732 depinximus,
638 647 749 712 ordiris.
784 650 861 711 Huic
878 649 954 710 enim
971 646 1014 709 oil
1030 649 1125 708 inerat
1141 665 1205 708 cam
1223 647 1436 724 energumenis

215 740 485 820 suscipiendarum,
510 759 585 818 quas
603 738 790 817 imponebant
807 735 941 798 inferiori
958 734 1132 797 elericorum
1147 735 1255 811 ordini,
1283 735 1438 796 molestia-

214 835 288 889 rum.
327 828 389 888 Neo
405 846 474 888 rero
490 825 749 898 conclusionibus,
774 827 825 886 secl
842 824 1022 903 experientia
1046 824 1220 898 historicus,
1245 822 1341 884 laetis
1367 821 1437 904 ipsis

216 914 360 976 exhausta
375 912 482 983 lucem,
502 935 559 994 qua
577 925 674 990 egent,
691 915 781 974 robus
799 912 953 974 nerramlis
969 911 1147 974 foeneretur.
1183 912 1326 972 Attamen
1345 931 1437 990 nequo

215 1001 308 1063 ullam
326 1001 413 1082 bajus
430 1001 569 1080 temporis
587 1000 719 1061 invenies
735 999 906 1079 scriptorem
922 996 1167 1073 ecclesiasticum,
1182 999 1233 1078 qui
1252 999 1436 1060 exorcismos

215 1090 405 1167 baptismales
427 1079 607 1166 asiaguliari
628 1085 801 1149 clericorum
825 1088 928 1148 ordine
951 1087 1115 1148 meminerit
1132 1087 1294 1148 exercitos.
1336 1087 1437 1148 Exstat

216 1177 323 1238 uuir-us
341 1176 457 1256 quidem
474 1173 608 1256 locns'l,
628 1197 685 1255 qua
704 1174 835 1235 liaconis
853 1175 881 1235 iol
898 1175 1035 1236 tribuitur
1053 1173 1201 1249 elicium,
1219 1176 1274 1234 secl
1295 1175 1334 1234 ele
1352 1193 1436 1234 exor-

218 1264 300 1326 cismi
320 1263 479 1348 peragendi
497 1263 609 1324 ratione
626 1263 755 1342 loquitor
770 1283 825 1322 neo
839 1273 939 1342 aperte
952 1278 1005 1324 nee
1017 1261 1096 1337 (licit,
1114 1274 1266 1342 pernetam
1285 1265 1324 1322 ab
1337 1261 1436 1322 iisdem

102 1383 109 1391 ·
218 1371 335 1431 semper
359 1351 485 1444 certiore
503 1349 631 1411 clericis.
669 1351 756 1426 Quod
775 1350 873 1429 igitar,
892 1349 916 1410 ei
935 1361 1012 1411 recte
1031 1353 1197 1430 expendas,
1223 1355 1339 1409 certam
1358 1348 1436 1408 nobis

218 1441 326 1502 excitat
344 1438 525 1522 opinionem,
552 1458 570 1498 a
588 1437 730 1510 dirersis,
755 1438 872 1499 minime
891 1449 986 1498 autem
1003 1437 1149 1499 distinctis
1166 1437 1369 1500 exorcismum
1387 1438 1435 1496 ba·
1457 1451 1458 1454 ’

217 1523 381 1608 ptismalem
397 1527 492 1588 luisse
502 1539 658 1606 ‚parneium
676 1525 826 1588 ministris.
863 1524 971 1588 Ollinia
990 1525 1077 1600 enim,
1103 1527 1180 1604 quorl
1199 1535 1329 1602 constat,
1347 1543 1433 1604 qnae-

193 1614 196 1618 ’
219 1617 284 1676 dam
302 1622 386 1675 erant
402 1615 432 1674 ia
451 1611 580 1675 ecelesia
596 1613 760 1693 primitivo,
786 1633 862 1694 qnae
879 1633 937 1672 non
962 1611 1125 1690 singularis
1151 1613 1309 1692 cujusdam
1325 1609 1435 1672 ordinis

217 1702 351 1763 homines
369 1701 556 1782 requirebant
566 1701 619 1778 **).
656 1702 687 1761 lu
713 1701 759 1761 bis
777 1721 894 1782 quoque
918 1700 1073 1762 exorcismi
1092 1699 1221 1760 ollioiom
1238 1715 1435 1762 numeramus.

218 1789 326 1854 Verum
346 1789 491 1850 enimvero
510 1787 667 1850 exorcismi
684 1809 782 1868 quam,
803 1801 833 1848 ut
849 1809 887 1848 ox
905 1787 1016 1868 (lyrillo
1034 1787 1129 1848 satius
1146 1789 1366 1868 perspeximus,
1385 1787 1433 1846 ba·

218 1877 421 1958 ptisandorum
438 1875 617 1937 institutioni·
639 1881 726 1955 (quae
742 1875 862 1956 propria
878 1884 941 1937 erat
956 1895 1028 1936 cura
1044 1875 1088 1936 rel
1115 1875 1263 1956 episcopi,
1291 1875 1338 1936 rel
1363 1874 1435 1934 vices

201 1965 286 2045 -ejus
304 1965 419 2042 agentis
437 1963 614 2045 presbyteri)
632 1975 730 2038 essent
748 1964 878 2044 proxime
896 1963 1034 2044 arljuucti,
1050 1963 1120 2043 quid
1138 1961 1334 2024 verisimilius
1350 1963 1435 2022 babe-

219 2069 287 2123 res,
312 2069 398 2131 quam
422 2053 499 2129 quorl
526 2051 709 2130 praeparatio
735 2055 771 2114 ad
798 2052 971 2132 baptismum
996 2063 1024 2112 et
1041 2071 1101 2112 una
1116 2060 1145 2112 ot
1162 2050 1256 2112 altera
1281 2053 1323 2111 ab
1339 2050 1433 2110 iisdem

220 2137 294 2218 ipsis
311 2136 478 2200 bominibus
496 2136 584 2198 luerit
602 2138 756 2200 adbibilal
796 2139 860 2200 Hos
877 2138 972 2218 igitur
985 2139 1079 2200 luisse
1095 2139 1253 2219 episcopos
1272 2148 1302 2200 et
1319 2140 1433 2219 presby·
1457 2213 1458 2220 ἵ

221 2236 315 2302 teras,
344 2224 385 2285 rei
411 2229 495 2286 docet
512 2225 606 2306 ipsius
623 2234 745 2302 natura3
771 2247 868 2288 rerum
888 2226 1133 2288 etiamdiaroaos
1152 2226 1322 2288 commuta
1347 2224 1432 2285 rario-
1457 2265 1458 2274 .

220 2312 304 2374 ribus
319 2313 518 2388 exercitasse,
537 2331 573 2375 ex
588 2314 694 2375 eoncil.
713 2334 780 2374 arox
797 2313 844 2375 cit.
864 2313 1017 2376 Constant.
1035 2313 1147 2394 percipi
1167 2325 1271 2394 potest.
1308 2314 1433 2374 Eandem
1457 2367 1458 2380 ,

221 2421 289 2463 rero
307 2401 471 2462 exorcistas
490 2401 646 2462 occasione
664 2400 816 2462 rarissima
834 2421 927 2480 eaque
944 2401 1175 2462 extraordinaria
1197 2397 1370 2482 potestatem
1386 2401 1432 2458 ba·
1457 2437 1458 2444 κ

220 2489 338 2563 baisse,
363 2487 446 2550 nulla
470 2499 513 2549 ost
535 2489 689 2550 dalritatio.
727 2488 811 2549 Sicut
829 2487 858 2548 ia
878 2487 1000 2550 casibus
1014 2489 1097 2550 enim
1120 2489 1365 2568 extraordinariis
1381 2505 1432 2546 non

219 2575 410 2636 interioribus
430 2575 526 2636 solum
545 2576 670 2652 clericis,
697 2577 748 2635 sed
766 2574 851 2636 loiris
867 2576 953 2636 etiam
972 2576 1138 2658 baptizandi
1154 2589 1219 2638 erat
1237 2576 1374 2650 liuentia,
1397 2573 1432 2632 ita

221 2673 250 2724 et
266 2662 383 2724 errairo
403 2663 502 2740 potuit,
529 2675 560 2724 ut
577 2673 753 2744 peragerent
772 2661 977 2726 exorcismum.
1017 2665 1077 2725 Ser}
1094 2662 1229 2740 bisloria,
1255 2667 1335 2746 qnod
1353 2681 1431 2744 prae·

220 2749 434 2812 termittemlum
452 2772 507 2812 nen
533 2751 594 2826 est,
619 2748 733 2811 nnllam
752 2751 827 2812 banc
844 2753 881 2811 al
905 2773 963 2813 rem
983 2751 1209 2818 coalirmaodanr
1219 2753 1321 2814 «offert
1339 2767 1428 2812 exero·

220 2835 311 2918 plum.
352 2839 438 2916 Quae
454 2861 541 2920 quom
557 2838 599 2899 ita
614 2838 681 2912 sint,
699 2839 800 2900 nscia
818 2837 984 2919 opinionem
1001 2838 1041 2903 Bi
1052 2837 1280 2918 aplustre),
1300 2841 1330 2900 in
1348 2837 1429 2898 altero

222 2926 337 2987 seilicet
353 2929 476 2987 duorum
496 2947 616 2987 casuum
643 2927 727 2987 ritum
746 2935 876 2988 nostrum
902 2948 954 3006 per
976 2927 1140 2988 exorcistas
1164 2935 1317 3007 peractum
1335 2925 1429 2996 fuisse,

222 3014 398 3076 statuentis:
417 3011 462 3074 rel
482 3013 583 3094 primo,
600 3013 625 3075 si
644 3013 871 3076 catechumenus
889 3015 974 3085 otiam
993 3035 1220 3094 energumenae,
1238 3016 1283 3077 rel
1302 3012 1430 3082 serundo,

222 3101 246 3164 si
265 3101 411 3162 exorcista
430 3122 544 3181 quoque
567 3102 664 3162 lactas
689 3113 767 3164 osset
786 3099 962 3176 cateolrista3
988 3122 1043 3162 neo
1067 3123 1166 3164 eoram
1177 3103 1229 3184 †),
1256 3103 1305 3184 qui
1333 3099 1430 3169 voluat,

222 3185 334 3267 suplex
352 3185 419 3247 elim
438 3187 533 3248 luisse
552 3189 716 3251 exorcistae
734 3189 878 3264 alliciam,
904 3200 931 3250 et
948 3209 1078 3269 purgare
1099 3188 1215 3252 scillcet
1232 3186 1429 3252 rlaemooiaoos

222 3281 251 3336 et
267 3275 499 3350 catechumenos,
525 3285 591 3334 ante
609 3277 783 3356 baptismum
802 3276 967 3340 exorcismo
985 3279 1132 3357 arljmare,
1158 3277 1311 3340 rllsredere
1329 3291 1430 3358 possa-

221 3382 298 3427 mus.
311 3396 346 3412 ν-
362 3359 390 3444 b.
403 3363 433 3422 8.
451 3359 599 3442 Tempora
614 3363 806 3446 ingredimur,
823 3364 930 3444 quibus
947 3367 982 3428 de
998 3374 1120 3443 perroto
1137 3365 1301 3429 doctrinam
1317 3359 1428 3428 uberius

223 3457 349 3512 tractare
367 3460 535 3529 coeperunt.
559 3451 723 3515 invaluisse
741 3474 812 3514 aevo
827 3453 887 3533 jam
906 3451 1082 3512 Tertulliani
1101 3452 1196 3527 lirle'nr,
1214 3473 1271 3534 qua
1290 3461 1428 3535 perentam

223 3537 339 3620 cuique,
357 3537 422 3599 elne
438 3534 501 3598 ulla
518 3538 699 3618 exceptione,
720 3541 880 3602 adhaerere
896 3541 1053 3600 credebant
1072 3541 1226 3619 originale,
1244 3537 1353 3602 frustra
1369 3532 1425 3616 qui·

223 3627 286 3688 rtem
307 3647 419 3702 ηομες
437 3627 487 3687 sed
506 3627 662 3706 Augustini
675 3627 734 3710 ††)
753 3631 867 3690 demam
885 3627 983 3691 stadio
1000 3639 1088 3710 atque
1104 3629 1278 3694 auctoritate
1295 3629 1323 3690 in
1342 3618 1427 3686 ercle-

222 3713 267 3780 ria
276 3713 447 3780 Occidentis
458 3713 595 3796 opinione
612 3715 710 3804 iusim
727 3736 794 3778 esse
811 3713 1002 3794 divulgatam,
1021 3735 1058 3782 ex
1074 3716 1203 3799 scriptis,
1220 3737 1295 3800 queo
1309 3704 1425 3792 reliquit

220 3835 448 3876 ffl-ss—-u-—t

818 3898 823 3914 r

222 3971 239 4020 '.
290 3936 316 3996 *)
338 3933 444 4016 Cnosii,
461 3936 596 3990 Constant.
617 3938 664 3990 sub
683 3934 783 3990 Meos
810 3938 884 4000 (tom.
900 3939 1001 3991 'cnocib
1020 3939 1078 3999 ml:
1116 3935 1185 4007 ,,Ἕν
1205 3940 1245 4008 epi
1264 3928 1424 4010 mummoli)

221 4005 527 4127 pzryrexpiruxnrngaorr
553 4005 609 4060 τῶν
633 4008 829 4075 respectatur
851 4031 883 4050 ι·-
909 4001 1112 4078 enarraremus
1135 4005 1239 4071 obteris
1263 4009 1319 4063 mir
1342 4002 1424 4058 irora-

291 4141 335 4195 r'a
358 4143 520 4207 stagera
540 4145 567 4199 e.
588 4151 614 4212 p.
637 4145 749 4218 ot-tt,

306 4207 336 4238 „
382 4209 388 4222 .

289 4206 325 4347 l)
339 4210 664 4336 lll¹;.l·.l'..²⁸;.....
691 4319 698 4333 .
717 4282 750 4334 a·
766 4280 845 4335 ms.
859 4281 975 4338 ortua.
994 4297 1020 4352 p.
1038 4283 1098 4340 rra.
1120 4281 1358 4342 cassaremus
1374 4275 1420 4328 rot·

222 4349 249 4404 in
267 4349 325 4402 coel.
346 4347 445 4400 saeos.
469 4351 513 4402 lib.
536 4352 577 4404 to.
598 4352 641 4402 tit.
660 4289 694 4402 'p
716 4351 769 4414 leg.
786 4353 831 4404 br.

290 4417 345 4486 ἦ)
365 4415 517 4474 Gonnoi.
536 4421 568 4473 de
588 4421 638 4474 rtr.
659 4420 756 4474 illustr.
776 4419 820 4474 38.
838 4436 865 4488 p.
885 4418 927 4474 ts.
