2942 4892
225 253 295 322 rer
595 253 598 262 ’
655 251 763 318 xum.
793 247 1041 336 amaruan·

228 431 370 512 leodien,
383 431 473 496 lcouii
489 430 656 513 episc.,'iis,
673 429 724 512 qni
740 431 859 492 caedem
874 429 968 506 inriti,
984 429 1022 492 ad
1036 431 1147 508 macne,
1164 428 1214 510 qni
1229 447 1295 490 eam
1306 424 1451 490 volentes

228 515 370 596 fecerant,
393 523 428 585 erl
448 520 550 600 viginti
573 521 669 582 annos
685 517 881 600 poenitentiae
896 526 1012 599 tempus
1027 517 1158 580 extendit
1183 523 1259 596 (aaa.
1276 515 1449 591 att-57.).

228 610 289 690 Qui
305 608 451 686 adulterii,
467 607 662 685 scortationis,
679 605 875 690 polygamiae,
891 603 961 667 farti
976 614 1004 668 et
1017 605 1195 687 perjuriirai
1204 602 1448 689 inveniebantur,

228 719 280 763 ees
304 698 367 764 xv.
385 697 448 762 llll.
469 693 517 762 tv.
537 695 574 759 ll.
593 695 646 757 ltl.
667 711 810 759 ouooruru
832 693 1010 775 poenitentia
1031 693 1184 756 criminum
1206 691 1326 772 culpem
1354 691 1449 768 luere,

229 787 321 850 reluit
339 785 478 862 led—59,
495 783 635 860 att-et,
655 781 706 844 84.
725 783 856 866 ejusdem
873 781 959 864 epist.
975 784 1135 858 cannatina,
1154 781 1406 862 quemad-edum
1425 791 1449 840 et

229 875 279 958 qui
296 861 445 938 vaticinati
461 871 593 951 gendum
609 869 841 932 consuetudines
857 870 953 932 secuti
967 869 1094 946 tuerent,
1119 868 1294 931 sexennium
1309 869 1353 930 ab
1375 886 1447 928 era-

229 962 317 1026 tionis
340 959 542 1022 communione
567 956 767 1024 excludendos
790 957 919 1020 decrerit
941 969 1005 1021 crta.
1024 959 1095 1020 till.¹
1122 959 1153 1018 lu
1177 955 1329 1038 Hispania
1359 976 1447 1035 porro

137 1077 140 1082 ·
230 1047 409 1132 apostasiam
437 1049 554 1122 dacem,
586 1045 712 1129 simplex
738 1045 912 1108 adulterium
939 1046 1067 1128 quinque
1095 1047 1237 1106 annornm
1264 1043 1447 1125 poenitentia

101 1181 106 1190 ·
229 1137 389 1200 multarunt
406 1134 510 1196 Patres
525 1132 700 1197 illiberitani
718 1131 770 1210 ld,
787 1133 841 1197 72.
862 1135 953 1216 injus
972 1153 1055 1196 cone.
1075 1135 1233 1198 comitae.
1277 1131 1394 1212 Lapsis
1420 1131 1447 1190 iu

229 1222 365 1288 haeresin
382 1232 410 1284 et
427 1224 539 1305 ejurato
556 1241 655 1284 errore
672 1223 710 1284 ad
728 1220 884 1284 ecclesiam
899 1221 1090 1283 redeuntibus
1108 1219 1314 1301 paenitentiam
1333 1225 1448 1280 decen-

152 1389 155 1396 ,
230 1313 311 1376 uiuru
334 1313 503 1373 duraturam
529 1310 781 1391 praescripserunt
810 1331 874 1373 cna.
897 1311 949 1372 22.
982 1310 1066 1391 cujus
1092 1318 1188 1370 tantm
1215 1308 1345 1389 rigorem
1373 1327 1448 1369 aero

230 1399 384 1484 posteriori
404 1396 543 1460 emollivit
567 1401 650 1461 etad
669 1397 818 1460 triennium
837 1397 1032 1479 paenitentiae
1057 1407 1174 1478 tempus
1195 1395 1346 1458 contraxit
1361 1396 1448 1475 Aga-

230 1490 332 1552 tlrease
351 1507 443 1564 cona,
465 1507 564 1552 ecana.
582 1487 633 1552 oe.
679 1485 807 1548 Tamdiu
825 1485 913 1548 etiam
930 1484 1133 1547 communione
1157 1484 1261 1566 privati
1286 1487 1449 1546 meabant

108 1587 113 1594 '
230 1577 389 1640 uraadern
414 1576 446 1636 in
469 1573 616 1658 Hispania
638 1574 757 1636 Patrum
777 1573 919 1651 consilio,
951 1573 1000 1655 qni
1020 1572 1124 1635 delatis
1138 1576 1185 1636 ὀὐ
1207 1575 1276 1636 aras
1299 1571 1447 1634 idolorum

230 1661 457 1727 merideantiurn
481 1663 599 1724 coronis
622 1664 653 1724 iu
679 1661 848 1724 societatem
867 1664 1040 1723 daemonum
1062 1671 1210 1724 renerent.
1252 1660 1292 1722 lit
1314 1662 1353 1721 de
1379 1679 1447 1721 ser-

230 1754 326 1815 vanda
348 1770 403 1812 suo
423 1751 509 1812 ctiam
525 1769 599 1815 acro
624 1750 764 1813 sanctiori
782 1748 837 1812 lrac
855 1748 1012 1830 disciplina
1026 1768 1205 1830 magnopere
1219 1746 1378 1810 laborasse
1400 1749 1448 1808 di-

231 1839 314 1903 ceudl
332 1849 411 1918 snat,
429 1839 479 1920 qui
494 1839 524 1899 iu
539 1839 661 1922 synodis
673 1839 837 1920 ancyrana,
853 1837 1110 1914 Neocaesariensi,
1126 1836 1257 1899 Nicaeae
1270 1835 1447 1911 universali,

229 1927 409 2005 Laodicena,
433 1925 501 1988 aliis
518 1931 593 1988 bene
612 1925 711 1988 multis
731 1933 936 2003 convenerant,
960 1943 1082 2006 quaram
1099 1926 1217 1988 decreta
1235 1923 1347 1987 variam
1366 1925 1446 1986 varie

231 2015 469 2098 delinquentibus
486 2035 610 2096 poenam
628 2013 817 2091 constituunt,
839 2033 958 2092 gravem
978 2013 1148 2095 plerumque
1164 2012 1377 2076 ctfdiuturuam
1398 2012 1446 2087 iis,

231 2105 280 2188 qni
305 2111 357 2166 aut
379 2121 466 2164 sacra
487 2102 544 2163 diis
568 2101 721 2182 gentilium
744 2100 886 2178 lacerent,
911 2112 943 2162 nt
965 2098 1149 2163 idololatriae
1172 2103 1258 2162 merla
1282 2100 1444 2181 participes

229 2193 429 2270 redderentur,
452 2210 569 2272 nempe,
594 2190 619 2250 si
637 2189 861 2252 convivarentur
879 2209 944 2250 curn
963 2188 1089 2270 paganis
1107 2188 1154 2250 dic
1172 2189 1261 2250 idelis
1280 2186 1400 2250 solenni
1420 2199 1445 2250 ct

230 2281 317 2358 ferto,
336 2278 361 2341 si
376 2278 543 2362 idolothytis
558 2287 756 2356 vescerentur,
773 2277 920 2356 sanguiue
938 2285 966 2338 et
982 2277 1135 2356 suffocato,
1155 2277 1229 2338 cilris
1244 2276 1323 2338 idolo
1340 2296 1446 2338 sacra·

230 2369 286 2447 tis3
313 2367 449 2450 ‘quamvis
471 2369 503 2430 in
526 2367 685 2449 irroganda
697 2387 807 2451 porum
829 2365 1001 2428 criminibus
1018 2383 1113 2447 poena
1135 2367 1296 2447 prudenter
1319 2365 1444 2426 etiamr

230 2455 371 2522 Nicaeuis
388 2455 546 2518 discrimen
566 2466 714 2518 serratum
735 2455 810 2517 later
829 2459 994 2535 apostatas,
1019 2455 1069 2535 qui
1089 2452 1208 2516 Christo
1228 2473 1332 2514 namen
1351 2454 1444 2514 dedc-

230 2552 306 2620 raut,
331 2549 434 2622 postea
457 2542 629 2622 religionem
653 2555 805 2619 exuerant,
829 2554 857 2604 et
876 2542 951 2604 iuter
973 2561 1034 2619 ecs,
1059 2541 1108 2622 qui
1127 2543 1223 2603 adlrue
1243 2541 1444 2603 catechumeni

230 2631 268 2692 ad
286 2628 424 2710 antiquos
441 2649 556 2692 errores
574 2641 602 2692 et
617 2631 741 2692 vomitus
758 2630 913 2692 redierant.
956 2629 1001 2690 lta
1017 2629 1045 2690 in
1064 2627 1228 2690 definiendo
1249 2630 1445 2710 poenitentiae

230 2719 360 2800 tempore
383 2718 483 2780 hahita
505 2737 622 2799 semper
642 2717 854 2779 fuit‘criminis
879 2718 969 2796 ratio,
999 2728 1027 2778 ct
1051 2717 1153 2779 durius
1177 2737 1242 2778 cum
1265 2718 1444 2796 graviorum,

168 2837 173 2844 ¹
231 2827 297 2870 curu
313 2805 457 2869 leviarum
471 2805 636 2869 lacinornm
653 2805 712 2868 reis
727 2804 824 2868 lenias
841 2815 869 2867 ct
883 2806 1040 2867 lrumaains
1058 2806 1086 2865 in
1104 2805 1301 2885 poeniteutiae
1317 2808 1445 2867 decursu

231 2902 329 2962 actam
353 2893 408 2956 tuit
433 2898 470 2958 atr
489 2893 680 2958 ecclesiarum
703 2895 882 2958 doctoribus.
904 2929 939 2942 -
968 2891 994 2975 §.
1011 2891 1042 2956 4.
1068 2893 1148 2972 Quot
1170 2914 1239 2956 varo
1264 2893 1315 2954 nni
1337 2892 1444 2954 luendo

232 2980 348 3046 arimini
369 2983 402 3044 in
420 3003 480 3046 una
498 2984 627 3046 ecelesia
642 2983 751 3045 decreti
768 2981 886 3044 tceraut
903 2979 1099 3062 poenitentiae
1117 2983 1197 3058 anni,
1222 2990 1263 3043 tot
1277 2982 1373 3044 eidem
1392 3003 1444 3043 cx-

231 3071 339 3154 piando
364 3091 423 3134 nan
448 3091 543 3154 aeque
565 3070 752 3134 sufficiebant
775 3071 805 3131 in
830 3069 958 3131 ecclesia
983 3065 1085 3131 altera.
1132 3071 1164 3144 ln
1189 3069 1227 3131 iis
1251 3070 1344 3147 enirn,
1370 3090 1445 3150 quae

231 3158 305 3224 uttrtl
324 3159 361 3222 ad
386 3161 548 3222 doctrinam
571 3158 648 3236 fidei,
667 3157 741 3220 nihil
761 3160 797 3220 ad
821 3157 977 3237 religionis
998 3158 1146 3238 mysteria,
1169 3159 1310 3220 modoad
1336 3159 1444 3220 cultum

232 3257 395 3325 cantuum,
419 3249 493 3310 ritus
511 3261 539 3310 ct
557 3248 750 3324 ceremonias,
767 3267 862 3308 morer
881 3257 909 3308 ct
927 3243 1112 3326 disciplinam
1129 3244 1287 3319 iaciebant,
1307 3265 1367 3308 nen
1387 3266 1445 3308 una

232 3337 334 3398 eadem
349 3334 404 3396 tait
419 3335 611 3398 ecclesiarum
628 3335 702 3398 ratio
718 3335 775 3396 nisi
792 3333 866 3396 torte
882 3353 900 3395 a
917 3333 1033 3395 concilii
1050 3332 1200 3414 generalis
1219 3345 1248 3396 et
1265 3335 1444 3396 oecumenici

231 3423 385 3488 autoritate
401 3422 519 3486 illarum
538 3445 638 3486 omncs
654 3425 823 3505 penderant,
846 3431 897 3483 aut
912 3443 930 3484 a
947 3421 1116 3483 dioecesani
1136 3422 1272 3496 decretis,
1292 3442 1355 3500 eae,
1372 3443 1445 3504 qnae

231 3511 263 3576 in
281 3513 441 3592 proviaciis
461 3512 596 3594 pluribus
614 3512 645 3573 in
662 3513 754 3573 ‘uuam
774 3505 926 3589 declamata
951 3509 1130 3573 coaluerant.
1175 3511 1270 3590 igitur
1292 3531 1345 3592 pro
1365 3513 1444 3572 varia

232 3598 425 3664 eeclesiarum
442 3603 556 3663 ratione
571 3601 652 3664 varie
668 3601 754 3662 etiam
770 3597 953 3680 poenitentes
969 3596 1072 3676 habiti,
1090 3597 1121 3658 in
1137 3599 1312 3680 quibusdam
1328 3596 1443 3660 illarum

230 3687 1445 3768 adeodurautauimadrersionisseveritatcmsummamdisciplinanteeorexierit.

318 3778 356 3841 ll.
381 3779 412 3843 2.
448 3778 509 3840 'lle
543 3774 768 3858 disciplina
799 3774 894 3837 eccl.
929 3773 1153 3836 orientalis.
1199 3773 1228 3857 ᾗ.
1253 3777 1280 3837 l.
1319 3773 1356 3836 ldt
1384 3777 1444 3855 pri-

231 3857 310 3924 mum
344 3866 461 3946 quidem
494 3863 670 3946 disciplinae
702 3863 860 3926 severioris
891 3862 1052 3924 studiosam
1084 3873 1112 3924 ct
1148 3863 1321 3926 retinentem
1352 3863 1444 3925 luisse

231 3951 393 4014 cmmtoieaa
418 3957 577 4032 molestam
606 3953 721 4014 abunde
746 3957 906 4024 testantur,
935 3971 1011 4032 qnae
1036 3959 1087 4012 ant
1109 3950 1230 4030 publica
1252 3949 1442 4014 conciliorum

232 4047 284 4100 aut
316 4039 431 4120 privata
462 4041 612 4102 doctorum
643 4039 797 4102 autoritate
822 4037 937 4099 condita
970 4039 1011 4099 tat
1046 4037 1166 4100 luerunt
1191 4041 1272 4100 circa
1295 4039 1397 4120 lapsos
1422 4049 1444 4101 et

230 4125 415 4208 poenitentes
438 4131 565 4190 decreta.
610 4128 676 4191 Nou
702 4126 764 4208 pari
796 4145 865 4188 rcrc
892 4126 922 4187 ia
955 4146 1006 4188 eos
1033 4127 1136 4206 quovis
1161 4127 1289 4208 tempore
1313 4130 1444 4190 animat-

232 4233 350 4277 versum
370 4215 478 4296 rigore.
524 4216 610 4294 Quae
636 4214 711 4276 caim
737 4233 798 4276 soc.
814 4213 838 4276 l.
855 4213 1165 4296 apostolornmaetate
1185 4215 1214 4276 et
1230 4216 1396 4297 insequenti
1413 4216 1443 4278 ll.

231 4300 405 4364 criminibus
429 4301 515 4364 etiam
538 4303 726 4383 gravioribus
751 4323 864 4382 poenae
885 4303 1127 4382 imponebantur,
1156 4323 1211 4364 eae
1231 4304 1307 4365 aden
1332 4305 1442 4366 diutur-

231 4389 290 4452 nae
313 4407 372 4451 non
391 4387 527 4465 luerunt,
553 4389 624 4470 quin
641 4389 732 4452 multo
749 4390 874 4452 subinde
891 4391 1089 4452 diuturniores
1100 4391 1179 4453 'aero
1195 4391 1368 4471 posteriori,
1391 4393 1442 4454 in·

232 4476 335 4560 primis
356 4483 423 4560 post
442 4475 575 4540 Montani
600 4484 629 4539 et
647 4477 877 4550 Noratiannrnur
897 4480 1046 4558 lracreees,
1066 4479 1207 4561 repetitae
1222 4481 1260 4542 ab
1277 4479 1316 4543 iis
1331 4480 1447 4560 inerint,
