2942 4892
219 259 286 345 ιιι
571 265 575 274 ’
642 275 752 343 ιιιιιι.
784 276 894 342 unna
910 275 1005 360 noyer
1131 233 1148 356 'j
1391 327 1405 380 ι,
1464 325 1466 370 ,

221 452 351 516 dentium
362 457 439 513 retro
449 468 528 515 seco
540 448 618 513 circa
629 447 815 535 drscrplruam
825 449 1102 530 ecclesiasticam,
1077 467 1156 513 orrca
1166 446 1322 530 lapsorum
1335 443 1442 526 poeui-

221 539 340 604 tcntiam
358 537 521 602 breuiorem
540 546 591 600 aut
614 539 826 604 diuturniorem
850 547 988 604 statutum
1007 540 1120 620 luerat,
1145 534 1284 618 quicquid
1302 531 1442 595 laborum

221 627 422 706 cruciatuum,
443 626 640 709 jejuniorum,
664 627 830 710 uigiliarum
854 627 1036 709 aliorumque
1061 627 1091 688 id
1109 643 1206 708 genus
1225 620 1443 686 satisfactionis

221 726 361 781 externae
395 735 514 797 operum
542 715 758 796 poenitentibus
785 719 931 780 decretum
956 715 1067 795 luerat,
1100 727 1165 777 cnm
1196 709 1443 775 determinatione

221 804 360 887 temporis
384 805 422 866 ad
440 812 481 864 tot
504 822 621 866 meuses
640 811 691 866 aut
714 825 824 885 annos,
847 826 899 888 pro
924 803 1076 867 criminum
1095 800 1239 884 gravitate
1257 807 1287 862 et
1306 818 1443 874 numero,

220 902 312 956 totum
328 891 358 953 id
375 911 459 952 ornae
474 889 685 970 instaurarunt,
703 913 787 956 omne
803 895 978 958 servandum
996 889 1216 995 poenitentibus
1233 885 1442 970 praescripse-

103 998 104 1006 ‘
220 989 291 1042 runt
313 981 370 1042 boo
393 998 505 1042 canona
524 978 628 1042 Patres
647 980 796 1043 Toletani.
839 981 884 1044 De
904 1001 939 1043 eo
957 980 1033 1043 enim
1054 979 1115 1062 jam
1133 977 1226 1082 primo
1246 974 1345 1058 bajus
1365 993 1453 1060 eone..

222 1086 337 1129 canone
355 1065 431 1127 iuter
449 1085 482 1126 se
502 1085 603 1130 omues
623 1077 835 1132 couvenerant:
862 1068 976 1148 „Omna
1001 1068 1078 1150 quod
1102 1065 1268 1148 priscorum
1292 1081 1442 1126 cauouuu

222 1153 366 1217 autoritas
391 1151 536 1234 prohibet,
559 1155 597 1217 sit
620 1168 794 1237 resurgente
818 1153 975 1238 disciplina
997 1153 1150 1220 inlribitum
1170 1164 1199 1215 et
1216 1159 1329 1233 agatur
1352 1156 1442 1226 omne,

222 1243 301 1324 qnod
325 1239 467 1324 praecipit
489 1239 563 1304 lieri.
607 1240 780 1306 Maneant
771 1265 802 1304 ιιι
825 1265 880 1339 suo
897 1243 999 1326 rigore
1023 1263 1105 1305 conc.
1122 1240 1251 1310 omnium
1270 1238 1442 1313 constituta,

221 1328 312 1394 simul
328 1341 355 1392 et
372 1328 530 1412 synodicae
547 1340 714 1392 sauctorum
730 1307 903 1433 praesblum
921 1333 1119 1395 Romanorum
1137 1327 1291 1412 epistolae.
1293 1329 1315 1363 “
1366 1327 1443 1390 llaec

221 1428 319 1480 autem
341 1415 478 1496 concilia,
502 1437 625 1499 qnorum
645 1418 827 1483 autoritatem
846 1419 1015 1484 inviolatam
1032 1419 1078 1481 bic
1094 1438 1160 1482 esse
1177 1415 1352 1494 doluerunt,
1373 1433 1443 1496 quae

221 1498 282 1570 alib
295 1505 389 1581 fuero,
406 1515 523 1586 praeter
538 1505 598 1584 illa,
616 1527 691 1589 quau
709 1511 795 1570 modo
814 1506 1045 1585 commemorari,
1063 1528 1100 1569 ex
1116 1525 1239 1588 qnorum
1257 1502 1395 1566 decretis
1412 1504 1443 1562 de

217 1594 415 1678 poenitentia,
435 1593 631 1676 poenitentiae
649 1596 735 1658 etiam
759 1607 888 1677 tempore
911 1595 1037 1677 aliisque
1057 1591 1277 1676 compluribus,
1304 1611 1388 1674 quae
1411 1591 1442 1651 ad

223 1683 453 1748 conservandam
470 1680 615 1744 ecciesiae
633 1681 818 1766 disciplinam
836 1693 913 1748 recte
930 1681 1119 1751 laudabiliter
1136 1681 1297 1743 constituta
1316 1679 1442 1753 inerant,

220 1771 281 1854 jam
302 1769 412 1852 liquido
430 1771 594 1832 constabat.
617 1807 660 1818 ψ·-
685 1770 713 1853 §.
729 1773 760 1836 6.
785 1773 992 1852 Ad'caponum
1015 1791 1085 1834 roro
1109 1769 1295 1851 antiquorum
1317 1766 1442 1828 formam

219 1857 361 1921 Patribus
379 1857 534 1920 Toletanis
554 1858 713 1939 collapsam
734 1859 879 1923 ecclesiae
896 1856 1080 1940 disciplinam
1099 1856 1333 1934 reducentibus,
1360 1857 1443 1916 uerno'

221 1946 313 2022 facile
335 1944 393 2008 sibi
416 1947 610 2025 persuadeat,
641 1967 772 2026 eousque
797 1969 848 2011 eos
872 1946 1049 2010 austeritatis
1067 1945 1245 2028 progressos
1267 1941 1389 2019 luisse,
1415 1951 1442 2001 ut

224 2033 399 2113 quibusdam
415 2032 620 2113 peccatoribus
637 2034 722 2095 etiarn
734 2036 764 2095 in
784 2041 875 2114 morte
888 2035 1010 2116 gratiam
1024 2031 1238 2096 communionis
1253 2029 1441 2110 negaverint,

203 2139 300 2201 ¹quae
325 2137 422 2200 pocua
443 2117 519 2180 iuter
542 2118 600 2180 alia
625 2120 834 2200 suppliciorum
848 2143 973 2202 genera
995 2121 1062 2182 olim
1081 2121 1204 2202 probata
1219 2118 1323 2180 iuerat
1340 2117 1440 2178 iisdem

224 2207 397 2269 canonibus.
434 2206 499 2268 Hoc
518 2205 594 2268 enim
611 2209 647 2267 de
663 2207 781 2290 antiquo
797 2209 898 2290 rigore
913 2208 1078 2288 remissum,
1096 2210 1183 2289 quod,
1201 2227 1268 2268 cum
1285 2205 1318 2265 iu
1339 2203 1440 2266 Elibe-

222 2294 319 2358 ritano
344 2302 373 2358 et
388 2295 670 2374 caesaraugustano
694 2295 828 2359 conciliis
852 2298 908 2358 boc
925 2296 1047 2358 lulrniue
1066 2297 1183 2398 puidam
1206 2291 1374 2356 enormiter
1392 2292 1440 2352 lla-

222 2382 323 2486 gitiosi
337 2402 469 2464 percussu
462 2381 601 2460 luerint,
619 2393 713 2445 tamon
727 2383 815 2467 hujus
832 2405 914 2447 conc.
922 2383 1025 2447 Patres
1040 2383 1138 2445 mitius
1151 2402 1217 2444 cum
1229 2381 1329 2483 lapsis
1342 2378 1440 2454 acturi,

222 2469 370 2533 neminem
386 2491 495 2547 eorum,
520 2491 605 2551 quem
623 2469 753 2534 criminis
770 2470 941 2554 poeniteret,
958 2471 987 2532 in
1007 2469 1155 2552 praesenti
1171 2468 1249 2532 vitae
1269 2466 1439 2530 discrimine

222 2557 311 2620 venia
334 2577 490 2638 rerumque
521 2577 672 2620 sacrarum
704 2559 908 2622 communione
940 2557 1087 2640 prohiberi
1116 2557 1277 2620 voluerint.
1319 2555 1440 2617 Praesto

224 2653 308 2707 eraut
324 2665 406 2706 conc
423 2643 573 2724 generalis
591 2655 619 2706 et
635 2646 817 2708 oecumenici
834 2665 973 2722 canones,
996 2646 1081 2708 etiam
1099 2643 1267 2726 pontificum
1286 2639 1439 2704 Romano-

223 2753 288 2795 rum
308 2731 459 2814 epistolae,
485 2752 618 2812 quarum
625 2735 751 2810 decreta,
775 2755 868 2816 aeque
884 2753 919 2796 uc
936 2731 989 2795 illa
1005 2732 1207 2810 conciliorum,
1224 2729 1374 2792 imitanda
1390 2726 1465 2791 sibi

221 2827 408 2902 proponunt,
433 2840 555 2901 quorum
579 2821 766 2884 autoritate
754 2842 814 2904 Jam
835 2819 904 2884 olim
926 2820 1130 2902 peccatoribus
1151 2815 1327 2898 quibusvis,
1358 2816 1437 2881 etiam

224 2908 379 2971 obstinatis
398 2914 427 2970 et
443 2927 522 2969 nuuc
540 2909 687 2970 demum
680 2929 709 2969 ιιι
727 2909 807 2972 exitu
824 2907 1001 2991 poenitentia
1019 2907 1132 2985 ductis,
1158 2905 1235 2968 lacta
1251 2905 1356 2966 luerat
1373 2905 1438 2964 baec

222 2993 417 3076 indulgentia.
440 2996 483 3056 lta
499 2995 711 3060 innocentius
703 3017 733 3057 ιιι
750 2996 875 3076 epistola
891 2998 927 3058 ad
938 3003 1120 3078 Euemeriam,
1137 2993 1228 3075 episc.
1241 2989 1464 3065 Tolosanum,

223 3103 290 3148 can.
305 3083 343 3144 2:
372 3083 434 3161 ,,Ει
454 3081 511 3144 lroo
527 3082 691 3164 quaesitum
710 3088 790 3161 est,“
821 3083 875 3162 ait,
902 3083 996 3164 „quid
1014 3086 1057 3145 do
1065 3081 1110 3144 his
1129 3078 1279 3144 observari
1298 3087 1438 3178 oporteat,

154 3219 158 3230 ,
223 3170 272 3252 qui
297 3180 365 3252 post
372 3128 556 3250 baptismum
577 3171 654 3233 omni
671 3181 798 3274 tempore
815 3169 1042 3233 incontinentiae
1060 3167 1260 3251 voluptatibus
1277 3167 1390 3243 dediti,
1413 3163 1437 3224 in

223 3266 353 3321 extremo
377 3257 434 3318 line
451 3257 527 3320 ritae
550 3279 622 3321 suae
639 3257 843 3340 poeniteutiam
867 3255 955 3320 simul
973 3267 1001 3320 et
1019 3255 1289 3320 reconciliationem
1308 3273 1437 3317 commu-

223 3344 322 3407 nionis
342 3346 535 3425 exposcenti
580 3347 626 3408 De
655 3346 702 3407 bis
728 3346 892 3410 obseruatio
920 3345 999 3426 prior
1023 3343 1141 3426 durior,
1174 3341 1325 3424 posterior
1350 3341 1437 3402 iuter-

222 3431 357 3497 vauiente
377 3431 578 3495 misericordia
597 3431 765 3494 inclinatior
788 3441 848 3495 ests
886 3431 960 3494 Nam
980 3435 1161 3496 consuetudo
1182 3431 1263 3513 prior
1281 3429 1390 3506 tenuit,
1414 3435 1439 3488 ut

166 3529 173 3539 ’
202 3579 205 3587 s
223 3521 434 3583 concederetur
456 3519 500 3582 eis
520 3519 705 3600 poenitentia,
728 3522 779 3580 sed
798 3519 962 3581 communio
982 3530 1150 3600 negaretur.
1194 3519 1270 3586 Nam
1290 3537 1361 3579 cum
1385 3514 1438 3576 illis

196 3665 199 3673 .
222 3606 402 3690 temporibus
418 3609 540 3668 creltrae
556 3607 775 3687 persecutiones
792 3616 900 3684 essent,
917 3627 954 3670 no
972 3605 1185 3669 communionis
1202 3625 1351 3668 concessa
1368 3601 1438 3666 laci·
1461 3601 1462 3610 ’

221 3694 441 3759 litasbomines
462 3697 496 3757 de
523 3693 903 3764 reconciliationesecuros
923 3715 980 3755 nou
1002 3703 1153 3757 revocaret
1171 3713 1189 3755 a
1207 3693 1308 3772 lapsu,
1336 3701 1437 3771 negata

222 3783 324 3844 merito
341 3781 504 3845 communio
521 3793 573 3860 est,
590 3802 733 3844 concessa
749 3780 936 3864 poenitentia,
955 3801 990 3842 nu
1007 3791 1098 3844 totum
1114 3779 1250 3863 poenitus
1267 3790 1436 3860 negaretur,
1460 3845 1461 3848 ι

224 3875 253 3929 et
269 3869 415 3932 duriorem
432 3869 635 3931 remissionem
653 3869 723 3931 lecit
740 3868 878 3950 temporis
897 3868 980 3932 ratio.
1001 3870 1064 3931 Sed
1081 3879 1273 3949 posteaquam
1291 3867 1437 3928 Dominus

222 3962 323 4016 noster
342 3975 443 4036 pacem
463 3957 598 4019 eeclesiis
616 3956 678 4018 suis
698 3955 833 4033 reddidit,
857 3957 916 4037 jam
937 3965 1045 4018 terrore
1062 3955 1186 4036 depulso
1203 3955 1437 4016 communionem

222 4041 399 4104 abeuntibus
419 4043 480 4105 dari
499 4044 607 4125 placuit
624 4054 652 4113 et
669 4053 786 4124 propter
803 4042 924 4104 Domini
941 4043 1171 4144 misericordiam
1193 4043 1279 4124 quasi
1300 4041 1436 4105 uiaticum

221 4127 399 4208 proiecturis
424 4141 452 4190 et
470 4151 506 4192 ne
529 4131 701 4208 Noratiani,
726 4129 862 4210 negantis
885 4129 1016 4208 veniam,
1044 4130 1232 4212 asperitatem
1251 4138 1281 4191 ct
1303 4131 1436 4192 duritian

221 4215 306 4298 sequi
330 4213 490 4280 videamur
537 4217 692 4279 Tribuitur
719 4239 791 4298 ergo
815 4237 880 4280 cunr
907 4216 1085 4319 poenitentia
1114 4227 1245 4281 extrema
1271 4217 1435 4280 commuuio

220 4311 254 4364 ut
269 4300 403 4365 homiues
417 4301 594 4420 lpujusmodi
611 4302 682 4366 vel
675 4325 703 4365 ιιι
716 4304 861 4386 supremis
874 4304 937 4366 suis
950 4305 1143 4387 poenitentes,
1159 4325 1178 4366 a
1191 4313 1338 4387 perpetuo
1352 4304 1434 4369 exitio

220 4389 435 4453 vindicentur.“
468 4387 578 4450 Eodem
596 4391 707 4452 modo
695 4411 755 4472 ιιιιιι
775 4402 841 4454 ante
858 4392 1079 4472 innocentium,
1087 4401 1213 4457 exeunte
1233 4411 1296 4457 sec.
1313 4392 1366 4459 lv.
1383 4393 1434 4474 Sy·

218 4476 332 4557 ricius,
357 4474 471 4538 Romae
497 4473 587 4555 episc
613 4485 781 4557 apostatas,
814 4489 985 4560 peccatores
1012 4490 1141 4546 extreme
1167 4480 1343 4562 improbos,
1376 4487 1435 4567 post
