2968 4896
294 279 330 342 dc
346 277 608 362 procrastinatione
623 278 761 362 baptismi
776 281 855 361 apud
868 289 993 344 veteres.
1182 284 1246 348 127
1315 285 1319 295 “

22 449 93 512 tiam
111 469 186 513 esse
200 470 306 514 vanarn
321 471 377 514 nec
393 473 481 534 posse
499 453 543 516 cis
559 429 702 535 prolicere
719 453 755 515 ad
772 451 895 514 salutem
913 461 940 513 et
954 451 1151 532 praedicasse,
1176 456 1245 518 nnl-

21 539 81 600 lam
100 559 188 619 spem
206 539 289 620 pacis
306 551 335 602 et
351 541 570 604 misericordiae
587 541 688 622 lapsos
705 541 828 617 babere,
853 539 943 601 refert
958 538 1079 619 ignotus
1096 553 1193 604 occtor
1208 547 1246 606 ad

22 633 225 688 Noeotiuanm
239 631 420 703 iamdictam,
446 630 533 711 cujus
550 636 663 692 tractet.
681 636 761 690 extat
775 628 807 689 in
824 625 963 708 Cypriani
979 649 1045 708 opp.
1064 629 1246 710 appendice,
1337 675 1341 682 -

23 713 84 775 vid.
102 713 195 776 ctiam
207 714 402 797 Hieronymus
418 717 540 798 passim,
556 738 584 781 v.
604 737 629 780 c.
647 718 683 778 ad
699 716 774 779 Hos.
790 737 816 777 c.
832 716 881 790 14,
899 717 935 775 ad
951 713 1001 776 Ps.
1016 716 1067 790 95,
1084 719 1121 777 ad
1137 716 1202 780 Gal.
1214 720 1245 796 4,
1286 753 1288 762 ·

26 803 43 862 l
64 801 136 864 Gor.
157 803 190 879 3,
212 803 233 864 2
250 803 318 866 Cor.
338 805 389 882 12,
404 803 486 866 leel.
503 804 534 868 2.
558 814 586 866 et
602 803 786 866 sozomenus
814 801 896 884 (bist.
915 799 988 864 eccl.
1006 799 1037 878 6,
1057 804 1172 886 24.)*).
1207 806 1246 868 Et
1338 795 1353 811 ⁸

24 887 69 949 sic
94 891 175 950 baec
195 891 420 970 procrastinatio
439 891 549 954 sensim
574 892 699 974 majores
723 890 801 953 vires
826 889 984 970 acquirens
1007 909 1131 971 seseque
1156 889 1245 956 latins

24 975 200 1039 diffundens
217 997 277 1040 soc.
291 979 450 1059 praecipue
463 979 493 1040 4.
511 980 542 1039 iu
558 999 666 1042 morem
680 977 759 1041 uenit
774 977 942 1040 diuturnum
958 988 986 1038 ct
1004 977 1150 1058 extirpato
1166 979 1245 1042 dilli-

24 1063 123 1142 cilem,
150 1063 225 1142 licet
238 1066 362 1128 decretis
377 1067 408 1126 in
426 1066 560 1128 conciliis
577 1065 767 1146 Carthagine,
789 1066 912 1143 Romae,
930 1064 1103 1128 Antiochiae
1120 1065 1199 1146 latin,
1218 1080 1246 1132 et

22 1150 164 1231 inprimis
184 1152 215 1212 iu
233 1153 356 1214 concilio
373 1145 561 1216 oecumenico
577 1155 707 1216 Nicaeno
724 1174 754 1215 a.
769 1152 842 1215 326.
857 1151 957 1214 babitu
982 1171 1046 1214 cau.
1065 1156 1096 1218 8.
1124 1176 1245 1237 compo-

25 1238 93 1300 sitio
112 1237 284 1302 schismatis
300 1240 455 1303 Novatiani
471 1251 589 1304 tentata.
603 1275 640 1289 -
660 1242 688 1325 ξ
706 1241 737 1302 6.
754 1240 898 1321 Exempla
914 1239 1058 1321 ejusmodi
1073 1243 1141 1315 seri,
1157 1242 1244 1307 immo

24 1328 59 1386 ad
75 1324 217 1388 nltimam
232 1347 441 1409 nonnunquam
457 1328 533 1390 vitae
553 1329 654 1390 boram
669 1327 876 1408 procrastinati
893 1327 1043 1407 baptismi,
1069 1330 1245 1394 desiderasi

24 1415 55 1474 ln
70 1423 193 1494 promtu
204 1425 281 1492 suut,
297 1418 334 1478 ab
351 1416 539 1497 optimatibus
555 1423 667 1478 verost
684 1414 851 1496 praecipuis
867 1415 897 1474 iu
915 1415 1042 1477 ecclesia
1055 1426 1082 1477 et
1094 1419 1245 1499 republica

26 1504 175 1578 desumta,
200 1503 269 1583 quia
283 1503 386 1565 horum
404 1504 523 1577 saltem,
548 1523 605 1567 uon
623 1523 692 1565 vero
710 1499 892 1584 plebejcrum
907 1502 1055 1566 heminam
1074 1507 1244 1570 conservari

27 1591 103 1652 solet
121 1589 274 1653 memoria.

115 1676 221 1740 Primo
273 1680 350 1758 quod
374 1679 475 1741 adlero
494 1677 532 1738 sit
548 1675 654 1738 famosi
670 1673 753 1736 illius
770 1674 942 1753 Novatiani‚
967 1679 1002 1738 de
1021 1699 1078 1759 quo
1095 1679 1245 1746 Eusebius

28 1763 113 1844 (hist.
132 1763 207 1826 eccl.
222 1697 256 1841 ἓ,
274 1767 340 1844 33.)
364 1786 402 1828 ex
419 1763 544 1846 epistola
561 1763 690 1826 Cornelii
716 1765 753 1824 ad
770 1762 936 1824 Fabianum
953 1763 1124 1829 Antiochiae
1150 1771 1242 1850 episc.

26 1861 159 1930 enarrat,
184 1854 261 1933 quod
277 1851 353 1914 idem
366 1852 435 1933 ipsc
454 1851 633 1914 Novatianus
649 1852 678 1910 in
694 1851 847 1931 juventute
865 1850 968 1931 spiritu
984 1851 1132 1916 immundo
1148 1877 1244 1920 vexa·

27 1941 134 2015 tussit
152 1949 263 2000 etcum
287 1947 400 2020 tempus
425 1939 542 2019 aliquod
568 1937 779 2000 consumsisset
801 1940 879 2018 apud
905 1939 1066 2002 exorcistas
1089 1945 1244 2024 (aquibus

25 2027 137 2108 spiritu
153 2025 206 2086 illo
223 2026 370 2088 immunde
388 2027 529 2089 liberatus
545 2029 618 2104 est),
642 2025 855 2105 aegritudinem
873 2025 1027 2088 incurrerit
1044 2049 1179 2109 gravem,
1204 2033 1244 2095 ita
1338 2067 1344 2073 -
1383 2065 1395 2092 ι

26 2127 56 2176 ιιι
81 2118 295 2194 desperaretur
312 2123 340 2176 et
356 2118 433 2196 quod
454 2115 557 2196 jacens
574 2113 604 2173 iu
627 2113 702 2174 lecto
725 2133 778 2192 pro
797 2113 971 2178 necessitate
987 2135 1064 2196 aqua
1082 2119 1258 2182 circumis·-

23 2201 139 2264 suasit
163 2221 219 2263 uec
234 2200 350 2283 reliqua
366 2203 396 2262 iu
421 2223 455 2264 eo
481 2222 556 2282 quac
580 2200 755 2282 baptismum
778 2201 921 2282 subsequi
946 2202 1057 2281 solent,
1083 2206 1244 2271 solenniter

23 2289 191 2370 adimpleta
208 2289 276 2350 sirit.

118 2378 212 2438 Porro
229 2377 340 2457 primus
357 2376 542 2440 Christianus
559 2375 715 2456 imperator
732 2374 943 2437 Constantinus
952 2373 1004 2456 M,
1024 2377 1072 2456 qui
1088 2378 1166 2440 hanc
1182 2401 1242 2444 reru

24 2476 87 2527 tam
107 2467 227 2526 arduam
245 2474 273 2525 ct
289 2465 365 2524 omui
383 2475 464 2545 parte
480 2463 617 2537 divinam,
636 2465 672 2524 ad
688 2461 818 2524 ultimam
835 2461 1010 2542 letalemque
1028 2465 1127 2526 horam
1144 2489 1240 2530 reser-

23 2551 127 2630 vavit,
146 2571 173 2614 a.
192 2551 266 2614 337.
283 2551 444 2614 breviante
461 2559 579 2612 mertem
597 2549 786 2612 Nicomediae
801 2552 839 2611 ab
856 2550 987 2612 Eusebio
1004 2551 1034 2610 in
1053 2551 1128 2614 lecto
1146 2555 1243 2636 bapti-

23 2649 136 2712 zatusq
161 2641 238 2700 uude
255 2648 283 2700 et
298 2637 430 2700 nonnulli
449 2659 547 2700 verum
565 2637 647 2698 illum
664 2637 861 2699 Christianum
878 2637 972 2700 fuisse
989 2651 1144 2719 regemunt,
1162 2639 1247 2706 dubii

23 2725 139 2789 redditi
161 2724 218 2787 bac
248 2725 385 2806 baptismi
409 2725 580 2788 initiationis
604 2724 783 2786 christianae
809 2727 845 2786 ad
876 2723 962 2786 linem
993 2729 1069 2789 vitae
1093 2727 1243 2795 dilatione.

4 2807 6 2816 ’
24 2817 122 2877 Hunc
140 2813 207 2896 ejus
222 2814 397 2894 baptismum
414 2823 531 2894 praeter
546 2813 744 2873 Eusebium
763 2812 814 2892 (de
831 2811 890 2872 nita
905 2812 1000 2892 ipsius
1015 2813 1046 2886 4,
1064 2818 1115 2880 61.
1132 2825 1161 2878 et
1176 2820 1243 2896 62.)

27 2907 186 2964 decentet
209 2911 351 2962 testantur
367 2902 557 2964 Socrates
583 2897 665 2970 (bist.
684 2896 758 2960 eccl.
778 2897 909 2976 1,39.)‚
934 2899 1172 2965 Sozomenus
1197 2904 1243 2984 (2,

28 2992 110 3068 37.),
127 2989 404 3050 Theodoretus
422 2991 465 3066 (l,
482 2988 559 3066 32),
574 2985 835 3065 Hieronymus
852 2983 882 3043 iu
901 2984 1038 3072 chronico
1055 2987 1243 3069 Eusebian03
1333 3021 1335 3026 ·

29 3075 101 3139 coll.
120 3076 206 3138 aar.
223 3075 316 3137 Scul
328 3075 397 3138 teti
425 3077 529 3152 corrfrrt.
545 3076 743 3152 disputationis
761 3077 878 3133 Buroaii
894 3074 926 3132 dc
941 3073 1015 3151 bapt.
1036 3079 1127 3135 Goust.
1146 3076 1243 3156 (Nec-

30 3163 119 3227 stadii
140 3157 262 3239 leoz),
289 3163 372 3226 Chr.
390 3161 562 3224 cellarii
579 3167 688 3222 eeercu.
705 3163 770 3221 bist.
787 3162 925 3238 deprimo
943 3167 1066 3240 principe
1091 3165 1243 3227 christinae

30 3264 80 3314 etc.
100 3249 211 3332 (Halae
229 3247 338 3332 1698.)
357 3249 384 3332 §
403 3250 442 3312 31
460 3271 542 3331 scq.;
570 3248 603 3310 0.
620 3248 653 3309 S.
670 3245 1014 3308 Schurnileiscbii
1038 3251 1141 3312 illustr.
1164 3259 1243 3314 cati-

31 3347 99 3420 quit.
119 3343 207 3418 primi
229 3341 321 3400 ebriet.
344 3345 521 3418 imperatorie
545 3336 684 3416 (Vittcnb.
703 3334 810 3412 1679.)
837 3332 863 3415 b.
883 3336 932 3396 16.
968 3335 1014 3397 De
1038 3357 1129 3399 causa
1152 3339 1242 3422 bajus

32 3425 306 3506 procrastinatiouis
322 3425 399 3486 inira
417 3425 557 3486 dicemus.
596 3425 639 3485 Aa
657 3423 731 3502 vero'
744 3422 969 3484 catechumenus
987 3433 1072 3485 autea
1089 3425 1187 3504 luerit,
1213 3427 1245 3488 in

32 3513 237 3595 quaestionem
254 3513 340 3575 veuit.
376 3511 434 3574 Alii
451 3519 570 3591 negant,
594 3509 646 3572 alii
661 3509 693 3570 in
709 3508 997 3591 uredioreliuqunut.
1034 3511 1109 3572 Rem
1126 3533 1195 3575 vcro
1211 3535 1244 3577 se

31 3602 72 3664 ita
88 3603 211 3676 babere,
229 3601 259 3660 ia
277 3599 396 3662 dubium
413 3598 512 3663 vocari
528 3598 638 3680 nequit.
677 3597 795 3661 Scimus
814 3595 890 3658 euim
907 3596 1082 3677 Helenopoli
1100 3599 1176 3662 iuter
1192 3621 1245 3663 ca-

28 3729 274 3747 annau—ananum

20 3815 27 3820 -
99 3787 128 3852 *)
148 3787 265 3840 Fuerunt
282 3789 399 3854 quidem,
427 3787 473 3839 aed
491 3791 580 3838 errent
598 3801 654 3836 cum
674 3783 786 3837 Eusebio
809 3785 883 3848 (bist.
904 3785 968 3836 eccl.
989 3785 1013 3848 6,
1030 3785 1086 3848 23.)
1113 3792 1243 3854 putantes,

35 3857 195 3910 Notatiunos
213 3865 272 3924 post
289 3865 420 3924 peractum
440 3857 594 3923 baptismum
614 3856 639 3904 iu
660 3855 757 3906 crimen
779 3854 882 3920 aliquod
902 3855 987 3920 lapsos
1008 3855 1075 3904 omui
1093 3869 1138 3920 epe
1160 3863 1245 3908 aeter«

36 3945 80 3978 nae
101 3927 198 3978 salutis
221 3927 354 3993 privasse,
380 3941 456 3992 quum
481 3941 496 3975 a
521 3925 697 3976 commuuione
719 3922 846 3974 ecclesiae
870 3923 928 3972 illos
950 3923 1042 3972 saltem
1068 3925 1244 3992 excluserint3

35 3995 151 4062 quamvis
178 3995 246 4046 baud
268 3995 343 4062 pauci
368 3994 444 4061 liujus
471 3994 528 4045 aevi
553 3993 680 4044 bominum
707 3994 753 4044 bos
774 3998 801 4042 ct
826 3991 898 4042 coelo
927 3989 1045 4042 exclusos
1074 3993 1129 4043 lore
1156 3995 1246 4047 existi·

34 4065 161 4116 moverint
183 4065 360 4131 neminemque
382 4079 396 4114 a
417 4061 471 4114 lieo
495 4064 521 4113 iu
542 4063 652 4126 gratiam
676 4062 773 4129 recipi,
802 4074 875 4127 quem
902 4061 1014 4112 ecclesia
1034 4077 1084 4111 non
1105 4065 1243 4132 receperit.
1267 4121 1272 4136 .

35 4134 206 4184 Cassiodorus
225 4134 298 4196 (bist.
322 4133 424 4198 tripart.
443 4135 470 4196 2,
492 4132 546 4196 13.)
570 4131 695 4181 certiores
716 4145 761 4180 nos
782 4129 855 4194 lacit,
877 4129 997 4180 acesium
1017 4128 1190 4184 Novatiuuum
1212 4133 1245 4185 ad

34 4197 232 4254 Constantinum
250 4203 310 4268 imp.
332 4201 444 4266 diuisos,
466 4201 533 4268 quod
551 4215 600 4249 non
620 4205 738 4264 oporteat
758 4213 829 4262 ees,¹
841 4199 884 4264 qui
901 4205 961 4265 post
977 4199 1104 4266 buptisma
1124 4209 1243 4268 peccaut,

33 4279 141 4338 peccato
162 4271 230 4338 quod
255 4272 288 4322 ad
307 4277 414 4322 mortem
434 4285 490 4322 esse
510 4269 654 4335 scripturae
679 4267 781 4318 divinae
805 4269 987 4333 pronuntiant,
1013 4271 1244 4321 communicatione

32 4348 256 4392 sacramentorum
274 4339 330 4391 fieri
350 4339 457 4402 dignos:
484 4339 531 4388 sed
546 4335 692 4386 incitandos
708 4335 809 4402 quidese
829 4337 866 4384 ad
879 4337 1079 4402 poenitentiam,
1097 4355 1166 4404 spem
1184 4353 1244 4385 vcro

30 4411 189 4462 emissionis
208 4425 259 4458 noe
279 4426 296 4457 a
315 4408 504 4471 sacerdotibus,
524 4407 606 4458 sedo
626 4407 680 4454 Deo
695 4403 849 4456 solummodo
866 4406 1009 4470 samium,-
1029 4407 1076 4476 qui
1090 4411 1244 4472 potestatem

30 4479 113 4538 babet
123 4477 409 4546 peccatoremtrrendt.
441 4521 444 4528 .
