2942 4892
458 215 460 224 i
487 205 530 318 rte
544 259 638 318 oeshs
653 253 785 319 bonini.
810 227 819 239 ⁴
1175 255 1240 326 281

20 455 59 496 su
70 440 208 513 recepta,
220 447 277 492 res
296 429 335 492 sit
349 433 506 492 nondum
520 431 609 494 dnbio
625 440 658 492 et
669 430 792 494 incerta.
815 429 888 509 Nec,
898 429 979 512 quali
995 430 1090 494 fuine
1101 421 1242 512 aicium
1349 421 1352 427 ⁵

20 543 40 580 n
63 521 178 588 Christi
217 518 353 594 ineunt,
385 508 581 583 coerulum
615 537 786 599 possamus.
837 519 1007 582 Hostiarum
1033 519 1127 600 puina
1153 522 1241 602 origo

20 628 57 670 ros
75 609 175 672 turea·
202 607 279 669 Non
298 606 368 668 rlicit
383 605 564 683 Bernolrlss,
583 605 769 688 placentulas
786 607 970 669 cubiculares
986 629 1042 670 sua
1058 618 1153 670 aetate
1169 629 1240 676 osso

20 706 151 774 arsetes,
182 697 245 758 sed
266 693 394 757 usitatas
416 696 570 778 additque,
585 696 645 776 jorn
663 703 791 776 tempore
808 693 945 774 Gregorii
964 695 1008 757 M.
1023 697 1053 756 in
1072 717 1129 760 usu
1143 697 1240 762 luisse
1291 773 1295 778 .

20 795 186 866 recatasrpuo
216 801 360 845 monas.
400 784 487 845 Certe
513 783 598 863 panis
622 783 745 844 formam
765 793 913 846 externam
930 784 1239 850 reureeinruatis.
1345 833 1350 843 .

20 874 92 933 ahora
112 870 301 932 retulerunt.
334 870 513 952 ‚Epiphanio
533 882 628 934 amen
645 891 706 934 sse.
726 871 773 935 tv.
791 871 877 952 panis
898 871 1005 932 elicitur
1018 859 1239 954 στρογγυλοει-

20 951 71 1038 Ιής.
90 960 295 1022 Postmodum
314 978 407 1037 paues
424 957 638 1022 eucharisticon
654 962 798 1022 vocabant
815 979 950 1036 coronas,
968 961 1005 1020 oh
1022 960 1238 1037 ruentium,
1318 1013 1328 1024 .

20 1045 57 1108 iic
72 1057 206 1128 tempore
226 1045 372 1124 Gregorii
388 1045 430 1108 M.
450 1046 528 1110 eirca
544 1069 571 1112 a.
590 1046 661 1110 Chr.
679 1047 752 1118 590.
770 1065 863 1127 pausa
881 1047 995 1108 rotundi
1014 1046 1239 1130 minutiorisquo

20 1133 111 1196 ianuae
134 1135 169 1194 iu
197 1153 265 1196 usu
289 1145 382 1195 erant.
423 1133 640 1199 posterioribus
663 1133 775 1197 seculis
799 1155 872 1196 crux
894 1145 925 1196 ct
946 1133 1239 1202 taurionucrucitinns¹
1330 1197 1338 1206 .

20 1221 126 1301 imprimi
155 1221 292 1284 sciehat.
328 1221 463 1302 Denique
478 1223 567 1304 prisci
585 1243 677 1302 panes
694 1222 905 1286 eucharisticon
930 1243 989 1284 nou
1007 1224 1169 1304 quantitate
1185 1232 1238 1288 out

20 1308 80 1370 nole
95 1319 167 1372 sunt
184 1308 308 1385 mensi,
333 1312 385 1371 sed
405 1312 532 1373 contenti
551 1311 670 1374 omnino
684 1311 771 1374 inere
787 1331 862 1390 pane
880 1329 948 1372 reno
966 1321 994 1372 et
1011 1305 1152 1392 physico,
1171 1313 1237 1378 sine

20 1407 87 1460 esset
103 1400 259 1464 rutundus
276 1397 342 1460 sire
357 1401 517 1478 quadratus
533 1410 584 1460 aut
601 1399 767 1461 minutioris
783 1392 919 1466 turonas}
947 1398 1124 1477 Quantitas,
1149 1407 1180 1460 ut
1195 1399 1237 1462 ait

20 1485 221 1566 philosophos,
239 1505 307 1546 non
332 1485 436 1565 recipit
453 1487 547 1566 magis
573 1496 601 1547 et
626 1487 739 1562 minus,
766 1489 844 1566 quod
860 1492 962 1546 eontra
978 1485 1170 1550 Calvisianus
1188 1497 1237 1549 te·
1267 1520 1278 1552 v.

20 1575 131 1633 pentorn
149 1583 207 1636 ost.
246 1573 354 1634 Patres
371 1572 497 1634 Consilii
514 1573 580 1636 Nic.
599 1593 665 1636 can.
682 1575 716 1637 v.
737 1573 855 1634 dieunt:
874 1566 912 1632 oni
927 1561 1011 1632 πολὺ
1025 1560 1234 1654 λαμβάνομεν,

20 1653 74 1720 iib’
91 1655 205 1741 ὀλίγον,
224 1660 282 1721 ἵνα
299 1657 425 1741 γνοῖμεν,
455 1647 505 1721 ‘rice
523 1656 581 1722 oria
597 1663 642 1733 εἷς
657 1647 850 1742 πλησμονὴν,
868 1653 937 1720 ἀλλ’
955 1659 999 1729 εἰς
1013 1650 1174 1739 ἁγιασμόν.
1191 1693 1235 1715 ..-

21 1745 102 1828 blt.
129 1747 243 1812 Vinurn
264 1767 343 1828 aqua
359 1747 481 1810 dilutam
499 1769 566 1811 esse
583 1755 734 1829 oportere,
751 1769 787 1810 ox
805 1749 862 1810 ritu
878 1746 989 1808 latinae
1007 1745 1151 1810 corriesiae
1168 1756 1235 1812 sto·

22 1843 91 1895 tuont
106 1835 270 1916 pontificii,
288 1855 380 1916 anua
399 1844 493 1896 uorsa
511 1836 645 1898 mistione
666 1837 772 1900 Graeci
789 1835 948 1897 abstinent.
985 1834 1074 1901 Ritus
1092 1835 1235 1898 miscendi
1336 1907 1341 1919 ,

23 1922 122 2000 quitum
148 1922 382 2004 antiquissimus
408 1935 469 2001 est,
494 1924 640 1987 Hebraeis
669 1926 779 2005 pariter
802 1943 837 1984 ac
856 1921 977 1986 Graecis
1003 1923 1151 1985 vacribns
1176 1943 1234 1987 usu

23 2022 149 2088 recaptus,
167 2011 379 2072 Hebraeorum
398 2011 547 2090 magistris
565 2021 593 2074 et
609 2014 726 2093 graccis
744 2010 937 2092 scriptoribus
954 2010 983 2070 id
1001 2009 1234 2074 adfirmantibus.
1324 2075 1330 2086 ,

23 2095 70 2156 Sed
85 2099 111 2157 in
129 2119 227 2161 coena
252 2097 386 2178 paschali
405 2101 561 2162 utebantur
577 2101 710 2181 principe
727 2102 803 2176 rino,
830 2101 848 2163 i.
869 2121 894 2162 e.
910 2099 1153 2177 generosissimo,
1174 2121 1235 2162 nou
1332 2135 1337 2142 ·

25 2181 183 2246 adulterino.
232 2189 333 2266 Atque
349 2187 398 2252 sic
416 2185 526 2248 bullont
540 2188 696 2270 pontificii,
722 2189 838 2270 quaudo
862 2187 892 2248 ia
911 2184 1015 2246 ultimo
1031 2187 1141 2248 Christi
1158 2209 1233 2248 cou-

25 2269 86 2332 ririo
109 2274 245 2353 paucitati
271 2275 375 2336 riuum.
395 2295 472 2355 aqua
497 2276 617 2338 mixtum
641 2277 678 2338 orl
702 2297 807 2338 manns
831 2273 1233 2338 suisse'rirntteuraeoruu

27 2359 187 2436 quotidianis
215 2362 248 2422 iu
277 2360 376 2442 epulis
404 2361 560 2426 observato
585 2367 768 2444 portendunt.
821 2361 1005 2424 Christianos
1033 2372 1129 2422 tanuen
1154 2383 1233 2444 aqna

26 2445 130 2509 raliaern
156 2449 303 2526 diluisse,
331 2443 477 2530 papicolis
504 2451 661 2531 largimur,
689 2451 827 2532 quoniam
851 2451 906 2524 hnc
930 2448 960 2509 in
985 2449 1116 2512 terminis
1143 2450 1232 2515 habet

20 2531 159 2609 insinua,
196 2537 269 2600 item
298 2537 480 2620 Cyprianus,
507 2540 556 2620 qui
595 2538 729 2602 mistione
755 2539 807 2600 illa
834 2537 970 2601 anionenn
995 2535 1232 2616 ecclesiaticum

29 2617 130 2684 Christo
153 2623 257 2702 innui,
285 2645 391 2706 aquam
415 2646 483 2706 esso
507 2625 647 2707 populum
670 2637 698 2689 et
719 2624 774 2707 ¹por
798 2627 896 2687 riourn
922 2625 1034 2687 ostendi
1054 2626 1231 2704 sanguinem

29 2704 118 2771 Christi
134 2713 307 2777 arbitratur.
339 2712 473 2775 Meminit
490 2713 633 2803 aristionis
650 2714 729 2776 iliius
747 2713 930 2794 Augustinus
947 2724 976 2774 at
993 2713 1233 2794 chrysostomus.

28 2790 160 2878 Sinuque
186 2801 490 2864 miscebatnr'riunaa
508 2822 568 2865 see.
586 2802 659 2879 Vll,
683 2813 885 2882 praeterque·
913 2803 991 2880 qood
1016 2801 1071 2860 soti
1088 2801 1230 2874 Arnenii,

28 2887 87 2944 toste
100 2885 286 2969 Nicaplnoro,
311 2889 408 2958 vinam
432 2892 639 2971 abstrusaque
661 2889 842 2968 usurparint.
874 2889 1061 2948 Ateniunaero
1085 2887 1161 2950 ritus
1176 2887 1229 2952 ills

31 2967 149 3034 nisconrli
175 2977 344 3054 veteribus,
371 2977 560 3039 curri-rinnru
585 2978 685 3039 bibere
705 2975 830 3052 vellent,
855 2986 917 3038 erat
934 2975 1017 3055 quasi
1039 2975 1228 3055 uniuersalis,
1321 3035 1328 3038 ,

31 3069 128 3136 propter
151 3065 412 3142 consuetudinem,
440 3065 469 3125 in
494 3066 697 3127 communibus
720 3059 820 3126 coenis
838 3061 928 3125 seural
947 3072 1104 3142 recepturo.
1150 3063 1243 3130 Hiso‘

33 3148 224 3214 vetustissimos
242 3152 430 3214 Christianos
457 3152 506 3214 tali
533 3153 685 3216 riuoante
702 3151 952 3216 consecrationem
971 3149 1016 3211 rol
1041 3171 1059 3211 a
1078 3151 1229 3212 venditore

32 3229 66 3288 rel
82 3235 113 3294 nb
130 3236 196 3300 aliis
215 3240 302 3302 misto
321 3241 361 3301 uti
381 3241 518 3320 potuisse,
537 3262 595 3302 non
613 3261 768 3322 negamus.
812 3238 993 3302 Heornheok
1020 3237 1124 3322 (illiso.
1146 3238 1178 3300 S.
1198 3240 1228 3302 1.
1250 3277 1252 3282 ·

33 3319 163 3414 1³:547.»
189 3329 312 3404 „Potest
328 3328 448 3390 mixtum
457 3329 595 3392 adhiberi
616 3330 650 3408 in
664 3330 696 3393 S.
718 3327 944 3406 corastinum,
970 3327 994 3388 si
1016 3347 1078 3388 mon
1095 3327 1227 3407 regionis

33 3413 75 3479 ⁵¹¹,
90 3419 118 3469 tlt
133 3414 220 3494 uulgo
237 3416 413 3490 misceatur,
430 3437 487 3478 non
505 3407 640 3494 perosus
657 3417 751 3480 mistio
766 3417 796 3477 in
814 3416 880 3498 ipsa
899 3435 1009 3478 coenae
1027 3415 1158 3492 actione,
1175 3417 1229 3476 set

34 3499 59 3548 ot
79 3506 137 3558 ante
153 3499 240 3564 ‘auru
287 3504 345 3565 Sed
364 3504 432 3584 quiri
449 3507 485 3565 ad
503 3525 556 3566 nos
572 3506 676 3568 Patres
694 3505 855 3582 ecclesiae,
881 3502 930 3585 'qui
950 3504 987 3564 ah
1004 3501 1153 3564 erroribus
1169 3523 1230 3564 uon

36 3583 275 3678 orontianum.
311 3593 465 3670 Nostrates
491 3593 569 3655 rerhi
595 3593 684 3655 divini
710 3592 833 3656 rninistri
858 3590 974 3658 invini
993 3588 1136 3652 electione
1153 3589 1228 3649 siru-

35 3662 131 3740 tolleitur
146 3691 306 3758 sequuntur
322 3683 411 3743 rerba
428 3681 592 3752 testatoris,
618 3683 695 3762 apud
715 3702 798 3762 quem
818 3690 929 3742 tanturn
945 3677 1052 3740 uentis
1068 3675 1098 3738 fit
1120 3669 1230 3758 γεννή·
1276 3690 1280 3696 “

36 3759 347 3844 humolariensibus.
367 3803 410 3814 -
439 3765 466 3850 ᾗ.
488 3769 535 3832 li.
561 3767 659 3850 Aliqui
676 3778 792 3849 putant,
813 3767 959 3830 Christum
978 3765 1118 3828 habuisse
1133 3783 1250 3852 pocus

38 3833 83 3939 ΙΨ
107 3865 139 3908 en
156 3852 248 3935 nitro²
269 3858 346 3936 quod
364 3855 394 3916 in
414 3856 526 3931 madio,
550 3877 615 3918 curu
640 3856 739 3918 haoin
767 3864 925 3936 re'paruru
944 3853 1031 3914 sitaur
1054 3851 1110 3928 sit,
1135 3852 1229 3916 relio-

39 3942 144 4000 ‘tffiffllls-
179 3939 331 4006 Veteribus
350 3943 456 4026 pocula
472 3944 502 4004 in
521 3965 578 4006 usu
594 3954 676 4006 erant
694 3965 730 4006 ex
747 3943 840 4022 ligno,
857 3943 942 4018 nitro,
961 3951 1084 4021 argenta
1101 3945 1129 4002 et
1145 3962 1229 4004 nuru.

38 4006 149 4098 limbi
173 4029 283 4094 solebat
308 4031 425 4112 poculis
442 4032 540 4111 inrogo
563 4031 692 4108 Christi,
711 4043 743 4094 ut
760 4031 886 4112 pasturis
903 4029 972 4094 boni
989 4051 1070 4090 onero
1086 4028 1230 4109 perditam

39 4093 148 4168 bunaria
177 4117 238 4178 suis
263 4120 423 4200 portantis,
456 4129 530 4181 teste
558 4118 745 4180 Tertulliano
775 4120 825 4198 (tle
852 4117 972 4198 pudicit.
1001 4137 1026 4179 o.
1050 4117 1097 4195 7.)
1124 4117 1229 4197 quales

40 4180 135 4254 tornae
157 4198 185 4260 iu
209 4217 335 4268 reteruru
364 4207 548 4270 coemeteriis
577 4207 841 4287 conspiciebantur.
894 4204 1071 4284 Rhemigias
1105 4203 1230 4269 calicem
1309 4211 1314 4216 “

39 4265 161 4346 babuisse
175 4285 297 4372 legitur,
321 4295 368 4356 cai
385 4299 474 4358 rooba
489 4294 608 4357 ,socrant
624 4294 738 4356 innisa:
762 4294 889 4356 Hauriat
910 4294 980 4354 hino
997 4293 1126 4374 populus
1141 4293 1229 4354 vitatu

43 4356 70 4416 lu
89 4375 220 4450 sanguiue
242 4382 363 4446 Christi.
410 4384 443 4447 Si
468 4383 600 4446 Platinae
625 4385 760 4444 habenda
783 4381 874 4460 lites,
902 4398 962 4446 sec.
980 4381 1032 4444 lli.
1056 4379 1166 4442 calices
1191 4400 1230 4439 ex

43 4459 102 4510 auro
116 4466 141 4521 tt
155 4479 270 4544 argente
293 4471 393 4535 usitati
408 4471 537 4537 luerunt.
569 4473 603 4536 lu
618 4473 754 4539 Rouana
770 4471 897 4536 ecclesia
919 4469 1027 4534 caboes
1045 4464 1180 4548 argentei
1200 4471 1229 4527 et
1329 4512 1333 4517 .
