2944 4890
478 164 540 284 ἰι
558 215 777 286 reserentes.
817 249 828 260 -
1183 213 1254 279 ere·

12 397 156 476 accepit,
176 405 208 458 ut
224 395 297 476 igne
311 393 402 458 libros
420 413 524 458 saeros
539 393 679 458 delendos
696 402 848 456 censeret:
868 389 1001 474 quemvis
1019 409 1131 468 aegere
1147 389 1247 468 nolim,

14 485 118 546 etiarn
137 482 243 546 hucin
261 494 343 564 parte
363 483 483 546 multum
502 483 728 548 adscribendum
748 503 815 544 csse
834 481 925 542 furori
945 479 1054 542 Galerii
1073 476 1247 540 Maximiani

16 571 141 649 Caes,
184 592 269 652 quem
303 573 491 652 praecipuum
524 571 701 634 Diocletiani
733 568 913 632 incentorem
948 571 984 630 ad
1014 570 1184 628 merendam
1217 562 1247 628 in

17 620 221 741 Christianos
239 659 470 742 persecutionem
488 659 583 722 luisse
598 667 719 720 constat.
751 659 788 720 Et
804 657 873 738 quid
891 657 1005 733 mirum,
1022 656 1130 735 scripta
1148 675 1247 716 eorum
1302 719 1305 724 ,

19 770 84 829 pro
106 748 206 829 impiis
230 769 265 810 ec
289 745 385 809 etheis
407 747 516 822 hahita,
538 747 587 828 qui
610 747 676 826 ipsi,
699 767 765 810 cum
786 743 1099 820 csseatseuctissimi,
1125 741 1201 804 athei
1222 751 1250 804 et

20 837 153 918 profani
170 856 319 916 nunqnam
338 855 395 896 non
410 835 532 916 judicati
549 835 641 898 snnt‘l
1316 904 1320 914 Ι

122 923 178 1002 10)
203 923 333 1004 Antiqua
351 923 425 985 satis
449 934 523 1000 eret,
547 944 633 1004 quarn
657 922 687 982 in
705 921 851 984 Christum
876 922 998 1002 ejusque
1023 917 1158 980 adseclas
1178 937 1249 978 ero·

20 1022 172 1076 mnerunt
191 1012 336 1092 gentiles
363 1011 528 1112 magiaes
503 1009 667 1085 calumnia,
695 1021 723 1072 et
748 1009 787 1070 itu
810 1008 925 1089 quidem
952 1008 1064 1086 inepte,
1096 1017 1126 1066 ut
1152 1005 1247 1084 ipsum

20 1104 221 1166 Serrutorem
239 1098 457 1161 sanctissimum
473 1099 565 1161 lihres
583 1099 619 1160 de
639 1097 736 1176 magia
753 1099 788 1158 ad
807 1098 923 1159 Petrum
943 1105 970 1158 et
985 1095 1109 1156 Paulum
1127 1104 1248 1173 aposto-

18 1189 72 1253 los
93 1187 257 1269 scripsisse
275 1185 479 1268 perhiberent3
498 1187 555 1250 rid.
575 1187 643 1251 Chr.
663 1184 806 1248 Kortholti
826 1191 960 1263 Papnnue
978 1186 1139 1246 obtrectator
1158 1178 1202 1259 (3,
1219 1183 1250 1244 4.

20 1277 49 1360 §.
69 1278 131 1356 1.).
165 1277 238 1338 Cum
257 1275 332 1336 eninr
348 1273 392 1336 illi
410 1277 555 1356 stupenda
571 1285 598 1336 et
615 1295 681 1336 rere
698 1271 951 1336 diuinumirecula
968 1292 1024 1332 non
1042 1279 1249 1350 agnoscerent,

20 1366 66 1428 uti
86 1364 211 1446 quidem
229 1383 285 1443 par
302 1372 375 1440 erat,
399 1381 451 1444 pre
469 1363 589 1439 talibus,
614 1359 687 1423 nihil
703 1360 776 1440 ipsis
793 1360 875 1440 prius
891 1359 956 1436 luit,
975 1380 1060 1440 qnam
1078 1367 1109 1418 ut
1125 1356 1250 1435 magicis

22 1455 148 1516 artibus
166 1461 277 1532 patrate
294 1471 360 1513 esse
378 1454 479 1514 eadem
497 1451 636 1516 dicerent.
681 1449 787 1526 Longe
805 1447 904 1527 itaque
922 1447 1141 1527 sapientissimo
1159 1465 1249 1523 agere

21 1542 84 1605 sihi
113 1540 299 1614 ridebantur,
323 1539 347 1600 si
367 1550 394 1600 et
417 1538 487 1600 illos
511 1539 602 1600 libros
621 1558 673 1618 pro
694 1533 802 1598 talibus
821 1536 977 1611 haherent,
1003 1535 1110 1615 quihus
1129 1533 1201 1594 tradi
1222 1543 1252 1594 et
1359 1591 1363 1596 ,

24 1628 136 1692 extolli
157 1629 325 1690 antesistens
350 1629 526 1703 credebant3
551 1646 645 1706 neque
666 1634 774 1685 tanturn
794 1623 825 1688 iu
844 1623 932 1686 islnm
951 1641 1071 1686 censum
1097 1623 1251 1696 referrent,
1297 1626 1302 1630 ’

23 1721 80 1780 sed
112 1727 142 1777 et
166 1715 384 1796 proscriberent
418 1728 446 1777 et
471 1715 540 1794 igne
567 1713 772 1791 exstirparent.
817 1712 858 1775 lta
880 1715 940 1796 jam
965 1709 1126 1778 Alexandri
1146 1710 1249 1776 Severi

24 1820 182 1884 tempore,
214 1802 352 1864 Caesarie
378 1803 476 1883 optimi
504 1809 532 1862 et
556 1800 731 1862 Christianis
755 1798 898 1878 scientie,
931 1804 1103 1866 sententiam
1124 1800 1252 1864 tulerunt

25 1895 136 1955 hostes
157 1887 283 1952 nominis
309 1889 456 1954 christiani
475 1887 580 1971 jurati,
606 1888 750 1968 Ulpianus
774 1897 802 1948 et
825 1888 937 1954 Paulus
957 1891 1036 1968 lCti,
1058 1892 1091 1954 iu
1116 1892 1252 1971 magicae

26 1973 108 2043 artis
127 1978 232 2054 libros,
257 1987 284 2040 et
299 1977 370 2058 igne
387 1980 559 2040 cremandos
577 1975 646 2038 illos
662 1974 840 2057 judicarunt,
862 1979 1043 2060 potissimum
1062 1981 1093 2046 S.
1112 1981 1253 2058 Scriptu-

28 2090 98 2130 ram
124 2065 323 2138 hocnemine
342 2066 465 2148 turpiter
486 2066 681 2138 infamantes,
709 2073 740 2124 ut
759 2061 833 2126 lente
858 2069 946 2148 paulo
974 2065 1093 2134 laoilius
1112 2068 1251 2132 invidiam
1319 2051 1327 2067 ¹

29 2156 198 2219 eoullarent
222 2153 332 2216 Christi
357 2155 469 2216 civibus
496 2155 574 2234 apud
599 2153 820 2232 imperatorem,
852 2177 937 2236 quem
961 2178 1018 2218 non
1041 2157 1175 2236 iniquum
1199 2161 1250 2220 sed

29 2243 199 2324 benignum
216 2262 287 2322 erge
302 2241 370 2303 illos
386 2244 529 2304 hacteuus
543 2263 601 2303 nnn
617 2241 682 2302 sine
697 2239 806 2302 invidia
824 2255 1048 2324 conspexerant.
1066 2246 1133 2325 lpsa
1151 2267 1252 2308 eorem

30 2334 127 2399 verba
148 2329 286 2393 exhibent
305 2329 391 2393 Caes.
409 2331 554 2392 Bacurius
580 2330 698 2408 (Annei.
716 2331 807 2390 eccles.
825 2337 867 2392 11.
891 2335 929 2392 od
948 2355 976 2392 α.
994 2333 1066 2394 302.
1091 2331 1119 2414 §.
1136 2335 1200 2408 20.)
1225 2344 1252 2394 et

30 2423 99 2484 lac.
112 2419 274 2482 Gretserus
291 2419 338 2494 (dc
352 2421 413 2492 iure
427 2429 453 2478 et
468 2439 542 2482 mure
556 2417 717 2497 proludendi
732 2417 818 2476 libres
832 2421 982 2480 haereticos
998 2430 1023 2480 et
1038 2428 1140 2484 anctos
1153 2421 1181 2498 l,
1196 2418 1250 2504 2.).

29 2509 103 2570 Νοιι
120 2507 212 2586 igitur
229 2506 333 2568 mirum
356 2503 455 2584 inerit,
473 2526 539 2568 curn
552 2504 726 2584 iamdudum
745 2503 774 2562 in
793 2507 973 2584 magicorum
990 2507 1130 2571 lihrorum
1148 2530 1252 2572 nnum-

32 2615 102 2658 rum
119 2595 212 2658 relata
225 2593 335 2674 luerint
351 2613 438 2658 secra
454 2590 611 2665 volumina,
629 2593 730 2654 eadem
743 2590 828 2654 etiem
842 2613 859 2654 ιι
871 2595 1067 2673 Diocletiano,
1084 2607 1115 2660 nt
1127 2598 1252 2672 metrica,

34 2683 204 2786 conquisita
224 2692 254 2744 et
273 2681 344 2762 igne
363 2693 547 2746 concremata
564 2679 658 2740 fnisse
684 2679 846 2760 etquidem
869 2703 904 2745 eo
929 2683 1033 2758 miens,
1057 2707 1113 2766 quo
1137 2685 1253 2749 facilior

32 2794 91 2854 pro
109 2773 212 2833 timore
229 2791 283 2831 suo
302 2790 368 2833 esse
387 2779 509 2852 poterat,
531 2767 607 2828 mala
625 2765 681 2826 sihi
701 2787 833 2848 quaeque
850 2791 887 2832 ex
904 2771 965 2833 illis
985 2772 1143 2838 eminendi.

129 2862 184 2935 ll)
219 2859 373 2936 Quomodo
398 2879 453 2920 ceu
479 2855 728 2918 inconvenientem
747 2865 788 2916 et
815 2858 940 2919 maxime
965 2859 1139 2920 contrariam
1164 2859 1251 2920 statui

34 2863 219 3028 reipnhlidae
237 2946 424 3008 christianam
441 2945 613 3024 religionem
629 2941 810 3006 traduxerint
823 2945 956 3006 homines
973 2968 1029 3026 pag
1033 2946 1090 3019 ani,
1107 2947 1252 3028 singulari

34 3034 211 3099 tractatione
228 3036 364 3114 exposuit
381 3033 556 3095 Kortholtus
575 3033 609 3106 (l.
628 3032 649 3094 l.
669 3031 769 3108 1,..8)
806 3032 914 3094 Verum
933 3034 1161 3097 nonidtantum
1180 3057 1252 3116 ege

35 3135 115 3202 runt,
132 3125 184 3186 sed
203 3123 288 3184 etiam
305 3144 341 3184 ex
359 3120 552 3186 clandestinis
568 3131 664 3200 atque
673 3121 823 3184 nocturnis
839 3119 956 3184 illorum
974 3123 1165 3184 conventibus
1182 3145 1253 3201 pes-

35 3213 112 3274 sima
133 3211 254 3292 quaeris
274 3211 331 3272 sihi
355 3221 428 3274 sunt·
449 3209 577 3272 eminati.
621 3208 687 3284 Quo
711 3206 819 3270 iactum
843 3220 903 3289 est,
929 3222 976 3287 ut,
1002 3211 1114 3292 quoties
1136 3211 1261 3292 publiea.

35 3301 186 3362 accideret
205 3299 400 3379 reipublicae
419 3297 578 3370 calamitas,
597 3295 627 3356 in
641 3294 830 3359 Christianos
847 3299 940 3361 omnis
961 3297 1048 3378 culpa
1066 3299 1132 3360 meli
1151 3300 1254 3362 devol-

36 3399 172 3461 veretur-3
198 3387 226 3446 id
246 3389 322 3468 quod
342 3387 386 3448 rel
405 3385 434 3446 in
455 3389 510 3448 hac
528 3405 644 3466 quoque
656 3380 866 3463 'persecutione
884 3397 1003 3448 strenue
1020 3388 1090 3449 iecit
1107 3389 1254 3460 Galerium,

38 3497 103 3538 curn
131 3475 245 3552 regium
270 3475 459 3537 Nicomediae
481 3473 622 3554 palatium
649 3472 712 3551 ipse
736 3495 789 3554 per
810 3474 959 3538 ministros
982 3477 1161 3538 incendisset
1182 3476 1253 3548 (vid.
1286 3486 1290 3496 '

37 3563 215 3626 Lactantius
238 3565 271 3624 de
300 3585 336 3624 m.
365 3585 388 3624 c.
411 3559 491 3642 lle).
538 3563 626 3621 lrnmo
650 3559 724 3620 nihil
749 3561 836 3642 plone
868 3574 936 3626 sont
967 3564 1066 3637 veriti,
1100 3565 1254 3640 sactiones,
1344 3619 1351 3626 .

38 3651 275 3732 conspirationes
293 3660 321 3712 et
337 3650 435 3712 laesae
452 3649 635 3728 potissimum
653 3649 760 3710 crimen
775 3652 934 3731 majestatis
946 3651 1065 3731 impunc
1078 3653 1254 3715 Christianis

37 3740 215 3819 impingere,
233 3759 267 3798 eo
285 3740 361 3819 qnod
380 3757 475 3818 noque
493 3757 543 3815 per
560 3735 698 3798 Caesaris
716 3739 834 3815 genium
850 3740 950 3816 jurare
967 3759 1061 3817 neque
1078 3739 1194 3801 divinos
1210 3739 1254 3811 illi

37 3829 167 3889 honores
199 3825 337 3888 exhihere
361 3825 516 3886 voluerint.
561 3824 655 3904 Atque
680 3823 748 3886 hinc
778 3826 897 3886 dubium
923 3847 1039 3906 quoqne
1063 3827 1174 3889 nullum
1202 3839 1254 3895 est

38 3916 109 3996 quin
135 3912 342 3976 Diocletianus
368 3913 461 3974 libros
490 3931 591 3973 sacros
622 3931 674 3990 prn
701 3913 850 3974 seditiosis
879 3914 1014 3974 hahuerit
1037 3914 1081 3975 vel
1109 3917 1254 3997 ejusmodi
1283 3979 1284 3984 ,

39 4003 169 4083 scriptis,
195 4023 270 4084 quae
294 4001 418 4062 debitam
436 4000 602 4086 imperatori
622 3999 814 4061 obedientiam
835 4003 957 4061 dandam
977 4001 1151 4082 impedirent
1168 4013 1254 4083 atque

36 4100 192 4171 negarent
212 4110 346 4170 rpuaeqne
364 4089 388 4150 si
405 4091 436 4168 1
419 4109 476 4148 erne
493 4078 671 4160 tollerentur,
691 4087 736 4148 rcl
751 4090 807 4148 hoc
823 4087 939 4149 nomine
957 4103 984 4149 et
999 4111 1072 4152 suae
1088 4091 1254 4156 auctoritati

37 4190 64 4240 ct
80 4177 264 4260 reipublicae
282 4177 368 4239 saluti
388 4175 502 4238 consuli
522 4197 607 4255 quam
625 4175 731 4254 optime
749 4197 837 4254 pesse
855 4176 1072 4240 existimaverit.

127 4267 182 4344 12)
209 4265 459 4341 Quemadmodum
488 4266 596 4324 ι1ιιι1ιιιιι
606 4263 808 4370 praedixerat
834 4265 868 4326 de
897 4265 1083 4345 sanctissima
1108 4287 1203 4337 evene,
1184 4265 1252 4326 ‹relii

37 4354 172 4416 doctrina
186 4353 347 4414 Pardush
359 4358 421 4414 Cor.
436 4352 464 4427 l,
479 4354 529 4412 23.
549 4345 635 4420 ὑμεῖς
651 4337 993 4428 κηρύσσομιιΧριστὸν
1009 4351 1124 4436 inrecp
1126 4351 1252 4429 medeor,

39 4437 203 4512 Iocdnlnre
223 4435 282 4520 pter
301 4399 491 4520 σκάνδαλον,
504 4428 636 4522 Ἕλλησι
661 4433 695 4501 δὲ
718 4439 855 4524 μωρίαν,
880 4439 921 4502 ita
941 4443 1042 4503 eedem
1061 4439 1129 4502 loco
1153 4437 1252 4502 habite
