2944 4890
546 271 822 338 deTraditoribns.
1227 280 1290 344 305
1391 237 1400 352 ,Ι

71 446 249 506 constrictum
267 447 377 506 senibus
395 444 526 526 ambobus
542 459 668 512 octauam
687 461 712 511 et
729 457 882 531 septimum,
903 460 1012 529 repente
1027 452 1117 512 adlttte
1133 455 1216 516 dubie
1232 459 1292 520 luce

73 534 113 592 ad
139 535 279 594 ecclesium
304 535 459 612 praefectus
486 540 578 613 (recte
605 538 681 606 enim
707 537 748 599 ita
767 536 857 598 scribi
878 539 1067 599 ostenderant
1085 540 1201 620 critici)
1230 567 1291 606 cum

71 622 188 712 ducibus
209 631 234 681 et
252 623 369 694 tribuentis
385 633 410 682 et
428 627 614 686 rationalibus
630 633 718 700 renim
742 637 767 688 et
780 627 900 700 ‚revulsis
916 629 1027 700 foribus
1042 633 1222 692 simttlucrum
1239 638 1291 693 Dei

73 716 227 787 (peruertitur,
251 716 407 788 scripturae
426 722 548 790 repertae
565 715 757 786 incenduntur,
781 717 865 774 dutrtr
883 718 1007 774 omnibus
1024 719 1145 794 praeda:
1169 725 1290 798 rapitur,

75 797 246 874 trepidatur,
275 800 449 860 discurritur.
474 835 518 844 -
546 836 579 846 -
607 805 757 862 Veniebant
775 807 861 878 ipitur
886 809 1073 884 praetoriani,
1100 811 1157 865 acie
1174 817 1289 884 strttctn,

73 905 135 943 cum
151 887 291 945 statuitur
303 895 332 945 et
349 889 414 946 otiis
430 889 622 964 ferramentis3
638 900 663 949 ei
679 896 795 950 immissi
812 892 939 969 undique,
955 893 1066 950 tandem
1082 895 1152 952 illud
1166 897 1290 956 editissi-

71 993 147 1030 mum
165 971 330 1051 (templum)
346 981 445 1052 paucis
460 977 536 1035 lteris
551 979 610 1036 solo
627 980 827 1057 adaequarunt.
873 977 928 1038 llis
944 980 1088 1051 addenda,
1109 1001 1184 1060 quae
1200 980 1289 1042 sitnili

4 1134 17 1146 .
71 1057 137 1119 lere
162 1059 273 1124 ratione
298 1064 392 1141 quoad
418 1072 531 1141 tempus
548 1063 636 1124 tradit
653 1064 802 1126 Eusebius
827 1063 860 1144 (l.
873 1062 898 1142 l.
914 1059 1027 1146 8,.2.):
1055 1065 1123 1136 ἔτος
1139 1066 1234 1130 τοῦτο
1250 1051 1290 1148 ἦν

72 1143 347 1207 ἐννεακαιδέκατον
374 1146 430 1227 της
453 1145 681 1229 Διοκλητιανού
704 1147 882 1231 βασιλείας·
912 1143 1058 1234 Δύστρος
1080 1143 1143 1232 μὴν
1168 1148 1289 1235 λέγοιτο

2 1260 5 1268 ’
70 1225 104 1290 δ’
123 1223 163 1294 ἂν
180 1217 271 1304 οὗτος
289 1224 434 1314 Μάρτιος
451 1226 528 1294 κατὰ
545 1236 715 1313 Ρωμαίονς,
736 1237 769 1298 ἒν
787 1225 810 1314 ᾧ
826 1236 883 1318 τῆς
900 1237 957 1299 τοῦ
974 1230 1139 1318 §anacleti
1157 1232 1290 1312 πάθοος

69 1317 184 1400 ἑορτῆς
216 1312 468 1402 declamatione,
501 1314 628 1402 ἤτιλωτο
659 1315 836 1406 πανταχόσε
867 1316 1012 1410 βασιλικὰ
1036 1318 1197 1407 γράμματα
1222 1323 1289 1392 κτλ.

68 1409 138 1470 Duc
164 1411 235 1470 haec
258 1409 412 1489 utriusque
437 1411 565 1472 auctoris
590 1410 677 1473 cllata
700 1434 757 1472 nou
781 1413 811 1472 iu
834 1413 969 1473 omnibus
988 1413 1029 1474 ita
1047 1416 1233 1495 conspirant,
1257 1427 1290 1478 ut

69 1496 155 1556 nulla
180 1495 266 1578 plane
292 1497 497 1558 conciliatione
521 1489 683 1578 indigeant.
730 1499 918 1580 Quapropter
942 1503 1009 1562 data
1031 1522 1120 1580 opera
1137 1502 1190 1564 riri
1211 1503 1299 1564 docti-

67 1585 97 1643 in
123 1583 153 1645 id
180 1582 406 1663 adlaborannnt,
434 1597 589 1648 utrarum
618 1587 831 1667 persecutionis
857 1587 972 1648 initium
992 1588 1115 1668 ejusque
1133 1593 1242 1659 aunum
1261 1599 1290 1654 et

67 1672 147 1732 diem
166 1684 311 1734 eruerent.
336 1674 448 1736 Citatcs
472 1673 585 1735 uidebis
605 1675 671 1734 illes
692 1695 727 1736 ex
747 1686 828 1754 parte
845 1676 891 1736 lo.
910 1673 979 1736 Alb.
995 1675 1132 1738 Fabricio
1154 1677 1197 1758 (iu
1212 1685 1289 1740 Lace

65 1764 193 1822 saltatori
209 1763 353 1839 Evangelii
375 1784 403 1840 p.
423 1765 507 1842 idi.)
530 1761 581 1842 qui
599 1769 693 1822 tanuen
715 1760 782 1824 illos
801 1783 853 1842 pra
873 1761 1101 1841 sententiarum,
1128 1785 1202 1846 qtras
1221 1777 1288 1828 tue·
1375 1772 1385 1780 ''

2 1891 3 1896 η
67 1851 187 1923 bantur,
206 1848 345 1910 uarietate
363 1869 421 1910 non
439 1849 592 1930 disposuit.
638 1849 760 1910 Scilicet
776 1850 920 1912 diversam
938 1849 1012 1912 tueri
1030 1851 1196 1930 opinionem
1217 1874 1288 1915 eru-

65 1936 147 1996 ditos
173 1937 208 1997 de
231 1936 288 1998 hac
312 1958 351 2010 re,
375 1936 568 1998 interamnae
587 1937 650 1998 lere
669 1947 791 2014 constat,
813 1937 963 1999 nonnullis
981 1939 1017 1999 ad
1040 1957 1109 1998 artu.
1128 1940 1200 2001 302.
1218 1939 1287 2002 aliis

65 2026 106 2086 ad
131 2044 200 2084 ann.
219 2023 293 2086 303.
317 2024 384 2086 aliis
400 2027 435 2085 ad
454 2024 527 2086 305.
546 2025 711 2086 vexationis
736 2025 887 2087 exordium
905 2025 1113 2089 referentibus.
1156 2026 1286 2090 Mediam

68 2131 143 2173 vcro
167 2110 320 2191 elegerunt
341 2105 475 2192 pleriqni
497 2110 730 2194 firmissimisque
751 2113 914 2176 rationibus
933 2114 1139 2176 confirmarunt
1154 2118 1287 2181 eandem.

65 2200 155 2262 Hauc
171 2199 264 2279 igitur
280 2211 308 2260 et
324 2211 451 2261 nostram
471 2196 558 2278 plane
575 2200 675 2263 facere
692 2201 767 2262 nulli
785 2201 961 2264 dubitamus.

157 2287 189 2365 4)
209 2287 274 2349 Neu
292 2288 365 2348 satis
382 2298 444 2349 erat
455 2287 653 2367 Diocletiano,
670 2287 701 2347 in
719 2288 801 2368 regia
818 2308 873 2350 sua
890 2288 1008 2370 publico
1025 2287 1123 2367 templi
1139 2308 1197 2350 usu
1213 2307 1286 2368 spu-

63 2377 141 2437 liare
156 2373 351 2452 Christianos,
369 2378 420 2438 sed
436 2375 496 2456 jam
511 2375 596 2436 etiam
612 2375 731 2454 publiea
746 2395 797 2455 per
809 2376 903 2436 edicta
920 2375 1070 2454 exagitare
1082 2375 1164 2454 ipsos
1179 2375 1285 2455 caepit.

63 2464 171 2544 Neque
198 2461 285 2523 unico
313 2465 454 2524 duntaxat
480 2462 509 2522 id
535 2461 644 2523 lactum
665 2481 731 2523 csse
754 2464 907 2538 mandato,
941 2464 992 2522 ted
1013 2461 1165 2542 pluribus,
1194 2463 1284 2542 probe

63 2553 223 2611 tenendum
249 2560 303 2611 est.
348 2551 477 2612 Primum
503 2549 648 2611 ernisius
671 2549 769 2626 dubio,
795 2552 871 2629 quod
891 2549 1080 2614 Nicomediae
1099 2549 1198 2612 itidem
1217 2556 1286 2630 past

63 2635 233 2698 incltnataur
260 2638 492 2718 persecutionem
518 2638 565 2698 die
593 2647 707 2717 postero
727 2636 845 2716 publice
864 2637 1025 2719 proposuit.
1069 2637 1117 2699 Uti
1143 2637 1218 2699 euim
1241 2637 1284 2700 ibi

62 2724 162 2806 prima
189 2725 368 2788 crudelitatis
396 2723 557 2806 specimina
583 2723 660 2784 dedit
684 2724 855 2804 imperator,
887 2725 928 2786 ita
948 2728 986 2786 de
1011 2745 1045 2786 ec
1071 2723 1223 2803 ambigere
1247 2744 1282 2784 eo

61 2813 164 2874 minus
182 2813 292 2889 licebit,
310 2817 386 2894 quod
403 2813 586 2888 Lactantius,
603 2812 652 2890 qni
668 2811 731 2891 ipse
749 2821 818 2873 tunc
835 2811 972 2890 temporis
988 2811 1177 2872 Nicomediae
1194 2810 1282 2870 itabi-

63 2901 153 2976 tarit‚
178 2901 268 2981 hujus
291 2901 375 2964 edicti
401 2899 574 2962 mentionem
598 2898 763 2960 irumediate
783 2920 849 2974 curn
867 2899 932 2978 ipsc
951 2896 1126 2958 calamitatis
1146 2896 1282 2976 publicae

61 2987 149 3049 initio
168 2989 330 3070 conjunxit.
375 2990 417 3050 lta
434 2989 509 3049 enim
525 2985 575 3047 illc
594 2988 633 3066 (c.
653 2987 736 3062 13.):
756 2989 895 3047 Postridie
911 2991 1083 3064 propositam
1097 2994 1139 3044 est
1155 2986 1280 3058 edictam,

63 3099 120 3157 que
144 3080 298 3150 cavebatur,
324 3087 355 3138 ut
377 3079 520 3154 religionis
538 3079 615 3136 iilius
636 3077 758 3135 ltcmines
777 3083 901 3134 carerent
922 3078 997 3132 omni
1015 3074 1116 3132 bonore
1135 3093 1168 3132 uc
1186 3073 1281 3147 clipei-

61 3175 139 3238 tnte;
170 3171 314 3237 tormentis
338 3166 450 3242 subjecit
475 3173 579 3236 asserti,
604 3183 639 3222 ec
665 3183 823 3242 qttccutupte
849 3163 943 3222 ordine
969 3181 1002 3220 ac
1025 3161 1117 3237 produ
1139 3163 1280 3232 uenirent3

62 3255 203 3314 aduersus
226 3274 273 3314 ecs
296 3258 386 3314 omnis
410 3257 483 3312 acilo
507 3253 626 3324 ualerem
651 3256 706 3329 ipsi
723 3271 777 3310 nou
802 3251 835 3310 tle
856 3250 978 3327 inp'uria,
1005 3268 1059 3308 αοα
1084 3249 1117 3306 cle
1134 3247 1280 3320 adulterio,

63 3361 123 3400 uon
149 3341 183 3400 dc
205 3343 286 3401 relus
305 3343 406 3402 ablutis
425 3359 504 3416 apere
521 3349 647 3418 possent3
671 3339 822 3399 libertatem
844 3338 959 3416 deniquae
980 3357 1019 3396 ec
1034 3337 1201 3396 uoluntatem
1223 3352 1280 3392 nen

59 3429 203 3490 haberent.
250 3427 307 3490 His
328 3425 513 3489 consentiunt
531 3429 574 3487 ea'
595 3425 733 3505 egregie,
759 3445 833 3505 quae
854 3421 1009 3484 memoriae
1028 3420 1114 3482 tradit
1130 3417 1279 3482 Eusebius

62 3514 158 3596 (bist.
191 3514 263 3576 eccl.
294 3513 333 3592 8,
362 3516 412 3592 2.)
444 3513 564 3574 diceus:
601 3509 654 3574 καὶ
683 3507 703 3591 ἡ
741 3508 799 3591 μὲν
823 3501 931 3592 προὶτη
962 3502 1155 3608 καθ”ημαῖν
1177 3493 1279 3602 paupe}
1320 3529 1321 3536 ¹

60 3589 198 3680 τοιαύτη
226 3623 281 3672 τις·
297 3587 345 3682 ἦν.
392 3601 486 3662 Antea
514 3603 644 3660 dixerat:
672 3597 728 3678 τῆς
754 3597 818 3682 τοῦῚ
836 3595 989 3677 σωτηρίου
1014 3596 1144 3663 audone
1170 3591 1305 3674 ἑορτηςι

63 3678 328 3768 εἰσελαυνούσης,
359 3677 487 3790 intuto
511 3674 657 3767 βασιλικὰ
682 3679 859 3766 γράμματα,
888 3675 943 3753 τὰς
965 3677 1022 3756 μὲν
1046 3675 1208 3759 ἐκκλησίας
1237 3678 1281 3749 εἰς

61 3773 183 3850 ἔδαφος
207 3776 321 3854 φέρειν,
346 3797 401 3846 τας
424 3769 458 3834 di
478 3763 595 3854 γραφὰς
614 3767 745 3849 ἀφανεῖς
765 3769 843 3850 πυρὶ
865 3769 1016 3852 γενέσθαι
1034 3757 1280 3847 προστάττοντα.

60 3862 113 3924 καὶ
134 3851 209 3934 τοὺς
232 3859 290 3941 μὲν
314 3861 406 3942 τιμῆς
425 3857 683 3940 ἐπειλημμέναις,
710 3846 934 3935 ἆτίμοοςτοὺς
953 3849 987 3914 δὲ
1011 3853 1044 3914 ἓν
1067 3852 1228 3928 niceriam,
1253 3853 1281 3918 sl

59 3948 242 4026 ἕπιμένοιεν
266 3950 299 4012 ἐν
323 3949 363 4034 τῇ
381 3947 438 4011 τοῦ
457 3944 691 4029 paractericum]
707 3945 874 4029 προθέσει,
894 3937 1079 4019 §lentiscina
1095 3941 1280 4021 στερεῖσθαι

58 4029 326 4120 προαγορεύοντα.
371 4037 420 4098 Ex
444 4034 490 4096 his
510 4035 602 4114 igitur
620 4033 731 4108 edictis,
752 4054 825 4094 uam»
837 4034 872 4092 de
890 4028 1014 4092 diversis
1032 4028 1169 4108 loquitur,
1188 4047 1280 4090 unum

2 4127 3 4138 ¹
57 4123 183 4206 aliquod
208 4125 333 4206 primurn
357 4124 452 4186 luisse
476 4113 584 4184 fraletau
603 4121 767 4195 Eusebius,
796 4120 912 4180 minime
935 4115 1024 4196 prcin'
1043 4117 1205 4178 contrarius
1231 4115 1278 4192 iis,

58 4233 139 4293 quae
163 4233 200 4274 ex
220 4207 379 4274 Lactantio
400 4207 584 4292 protulimus.
617 4209 867 4286 Quenradrnodum
893 4225 961 4266 reru
983 4204 1042 4282 jam
1063 4223 1153 4284 snpra
1173 4206 1278 4264 obser.-

56 4299 214 4377 ravimus,
244 4300 461 4362 Diocletianum
480 4297 510 4358 in
536 4299 705 4376 exequendo
726 4293 847 4356 consilio
874 4295 909 4354 de
933 4292 1084 4352 abolendis
1103 4287 1278 4353 Christianis

56 4388 208 4468 gradibus
227 4388 268 4450 uti
288 4387 434 4464 voluisse,
453 4386 494 4447 ita
509 4385 539 4446 iu
555 4381 701 4466 praesenti
719 4403 824 4445 ncrurn
840 4379 929 4464 hujus
945 4379 988 4440 rei
1006 4379 1151 4459 specimen
1171 4379 1278 4455 deprc-
1336 4417 1337 4420 ,

60 4476 154 4542 hendi
182 4497 269 4558 posse
295 4464 508 4541 enistimamus.
560 4471 662 4536 Primo·
683 4471 759 4536 euim
787 4470 899 4548 edicto,
928 4487 992 4531 cnm
1027 4465 1203 4544 scilieet-ec
1228 4479 1278 4524 res
1363 4553 1367 4560 ἡ

111 4579 178 4622 Thes.
192 4580 297 4634 antiquitt.
310 4579 384 4622 christ.
395 4576 426 4620 11.
435 4585 459 4628 2,
1034 4567 1078 4631 20
