2944 4898
347 241 384 304 de
399 239 504 305 ritilrm
520 239 821 324 baptismalibusseo.
837 243 972 310 secandi.
1225 221 1284 315 83ἱ

46 427 160 488 corum,
176 409 219 474 ita
233 415 405 492 praesertim
418 425 446 480 et
457 415 545 499 hujus
556 417 686 480 muueris
698 417 851 481 functione
865 417 897 480 iu
914 417 1084 480 ordinatiori
1099 417 1152 482 illa
1169 421 1268 486 eccls-

45 498 92 560 sia
111 515 183 560 esse
195 499 299 581 jussae
316 501 401 566 fuere
418 505 571 582 mulieres,
595 505 652 566 uisi
669 505 817 587 peculiare
833 503 909 568 illud
925 507 1049 571 restium
1067 511 1267 572 exuendarum

45 596 74 648 et
89 586 307 651 induendarum
325 591 508 672 baptizandis
524 593 661 656 foeminis
679 597 903 674 praestandum,
930 597 1005 676 quod
1023 595 1201 658 diaconissis
1217 596 1267 658 in-

46 676 215 754 cumbebat,
234 677 426 741 ministerium
440 681 580 743 fortassis
596 683 654 742 hnc
670 681 785 744 trahere
802 682 924 766 relis*).
940 721 975 732 -
995 683 1023 767 §.
1038 686 1069 744 7.
1086 683 1268 746 Deducimur

46 765 82 823 ad
102 763 370 829 considerationem
396 789 513 846 eorum,
538 770 661 850 quaein
685 779 768 831 notos
787 769 968 851 baptismalis
985 773 1080 832 forma
1098 773 1267 835 accidenta-

45 849 119 912 lium
137 849 323 914 solummodo
338 855 404 916 loco
422 856 524 918 haberi
541 855 686 934 solebant,
705 877 827 938 quoram
842 857 957 920 scilicet
973 877 1007 920 ea
1025 861 1183 938 putabatur
1199 881 1267 923 esse

47 938 194 1012 conditio,
218 952 325 1002 utnon
343 964 377 1005 eo
395 943 494 1024 rigore
510 945 547 1005 ad
566 944 723 1022 legitimam
742 945 876 1026 baptismi
892 945 1125 1026 perfunctionem
1143 957 1170 1010 et
1187 948 1267 1010 celc-

45 1027 213 1090 hrationem
230 1049 266 1090 ao
282 1049 326 1108 ea,
352 1051 428 1112 quae
444 1040 531 1093 rrntea
549 1032 725 1094 adduximus
742 1041 770 1094 et
786 1035 983 1112 tractavimus,
1002 1046 1148 1098 momenta
1163 1035 1267 1118 reuiui-

47 1116 146 1176 renda
161 1133 226 1178 esse
243 1129 443 1180 censerentur.
466 1119 586 1200 Spectat
602 1119 661 1180 huc
676 1127 808 1201 temporis
824 1141 859 1183 ac
876 1123 938 1199 lori,
956 1143 1012 1202 qno
1031 1122 1167 1204 baptismi
1185 1122 1267 1186 cele-

49 1203 148 1264 bratio
164 1204 280 1266 solebat
294 1205 415 1285 institui,
435 1207 571 1270 conditio.
609 1209 695 1285 Quod
712 1211 747 1271 ad
766 1219 872 1290 tempor
887 1210 997 1287 attinet,
1016 1209 1088 1271 illud
1105 1211 1199 1292 prima
1215 1233 1267 1274 ec-

47 1289 162 1353 clesiae
180 1299 274 1354 aetate
292 1293 434 1375 baptismo
452 1315 591 1376 expresse
609 1295 810 1376 praestitutum
827 1316 863 1358 ac
882 1306 991 1359 certum
1009 1297 1035 1359 ci
1051 1299 1277 1381 praescriptum

45 1399 107 1440 nnn
126 1381 380 1462 deprehendimus.
417 1381 508 1444 Proot
524 1383 648 1464 quisquc
671 1383 848 1446 christianae
865 1383 930 1447 lidei
948 1385 1093 1470 capitibus
1110 1407 1268 1450 assensum

44 1469 227 1548 praebuerat
243 1476 272 1531 et
286 1490 318 1532 o
328 1469 443 1532 Christo
461 1473 591 1533 dextram
607 1490 772 1554 nomenque
784 1475 918 1534 daturum
935 1471 1009 1550 fore,
1026 1473 1104 1535 sorio
1121 1475 1152 1534 iu
1168 1475 1266 1536 animo

46 1566 74 1616 et
93 1556 251 1618 ridebatur
268 1567 296 1619 et
312 1559 474 1620 testabatur
490 1557 600 1621 hahere
618 1569 705 1640 atque
728 1559 796 1621 inde
820 1559 957 1640 baptismi
983 1559 1146 1640 accipiendi
1170 1583 1267 1644 capax

46 1645 236 1722 censebatur,
254 1645 318 1728 ejus
335 1667 386 1726 pro
403 1647 543 1728 temporis
560 1647 672 1708 ratione
688 1647 908 1728 impertiebatur
920 1645 976 1726 ipsi
988 1647 1162 1728 baptismus.
1182 1650 1266 1714 Haeo

43 1731 201 1812 primaeva
211 1733 253 1810 **)
270 1733 434 1814 apostolica
450 1734 551 1815 praxis
569 1735 634 1797 init.
664 1735 765 1796 Aetate
783 1733 914 1815 proxime
929 1735 1065 1796 insecuta
1082 1737 1266 1818 baptismatis

45 1818 263 1882 administratio
282 1821 313 1881 iu
338 1821 445 1885 festiva
468 1821 617 1903 paschalis
642 1831 670 1883 et
693 1822 901 1901 pentecostalis
925 1823 1063 1903 temporis
1082 1825 1266 1889 solemnitate

47 1913 171 1988 peracta
193 1907 260 1971 fuit.
293 1908 407 1971 Auctor
431 1910 516 1972 nobis
541 1920 585 1972 est
602 1909 823 1989 Tertullianus,
849 1909 900 1992 qni
922 1912 979 1971 duo
1003 1911 1111 1974 haecce
1135 1921 1267 1996 tempora

46 1994 197 2076 explicate
215 1995 351 2076 designat
360 1996 430 2080 ***).
463 1997 604 2060 Similiter
621 1997 752 2080 paschali
770 2007 897 2079 ternpore
914 1997 1131 2062 catechumenis
1150 2003 1265 2083 baptis-

118 2183 147 2248 *)
169 2183 201 2236 de
220 2201 268 2252 quo
288 2184 407 2237 conferas
423 2185 460 2237 ita
479 2185 575 2237 dictum
592 2183 791 2254 Dionysium
811 2187 995 2252 Ascanimia.
1016 2187 1075 2240 eccl.
1093 2189 1119 2244 ἲ.
1140 2205 1166 2255 p.
1184 2187 1247 2246 279,

116 2252 160 2318 **)
178 2255 227 2304 boe
246 2255 377 2306 commode
389 2256 463 2317 satis,
484 2262 588 2322 prorata
607 2256 748 2321 majoribus
767 2255 877 2322 acecpit,
899 2257 980 2306 tradit
998 2263 1026 2306 et
1042 2257 1157 2324 explicat
1174 2267 1266 2312 auctor

1 2308 9 2382 l
45 2324 226 2384 commentarii
239 2325 268 2373 in
283 2325 382 2390 maret.
399 2327 476 2380 Perat.
494 2326 531 2372 ad
545 2326 642 2390 Epher.
660 2327 687 2378 4.
706 2326 749 2391 qai
766 2325 946 2376 Ambrosio
964 2325 1109 2392 adscriptas
1127 2326 1177 2378 luit
1194 2335 1267 2393 (torn.

45 2395 72 2444 5.
96 2409 168 2458 oper.
193 2408 219 2458 p.
238 2393 298 2444 355.
326 2393 366 2444 etl.
387 2393 467 2444 Basll.
489 2392 595 2459 1567.):
620 2395 733 2458 primum
757 2411 841 2444 omncs
861 2393 985 2442 decedant
1004 2403 1029 2442 et
1046 2411 1131 2444 omnes
1148 2397 1267 2460 baptiza-

45 2464 127 2526 bant,
150 2462 341 2530 quibuscunque
360 2462 450 2511 diadas
473 2465 516 2512 ael
532 2463 688 2526 temporibus
706 2461 799 2527 suisset
825 2463 934 2517 occasio.
969 2465 1025 2512 Nec
1044 2464 1109 2510 enim
1129 2465 1267 2530 Philippus

45 2541 152 2596 ternpus
172 2533 298 2598 quaesiuit
318 2539 367 2580 anet
386 2532 466 2596 diem,
490 2547 539 2600 qno
560 2532 701 2580 ennuchum
721 2533 885 2596 baptr'zaretg
904 2548 986 2598 raeque
1001 2531 1134 2600 jejuniam
1153 2535 1266 2598 interpa-

45 2601 109 2654 enit.
147 2603 239 2667 Neque
255 2602 355 2650 Paulae
373 2609 397 2649 et
415 2602 486 2650 Silas
502 2609 602 2666 tempas
619 2601 785 2664 distulerant,
804 2617 853 2666 quc
871 2601 997 2664 optionem
1018 2603 1130 2650 carceris
1148 2602 1267 2668 baptiza-

46 2677 104 2718 rent
124 2685 182 2718 cum
199 2669 314 2718 omnibns
331 2669 397 2737 ejus.
419 2672 510 2737 Neque
523 2675 617 2720 Petrae
628 2670 749 2720 diaconas
761 2669 853 2718 hahuit
865 2677 913 2718 aut
924 2670 991 2718 diem
1007 2671 1143 2737 quaedam,
1162 2673 1267 2740 panda

49 2737 196 2788 Corneliam
214 2739 355 2787 cumomni
372 2738 444 2787 domo
462 2739 519 2806 ejas
536 2737 686 2801 baptizarit,
1201 2767 1206 2776 ·
1278 2797 1283 2808 ι

115 2805 175 2870 ml)
195 2805 617 2872 ltcentnrtttr.tetop1tem.tt.
632 2823 657 2873 p.
671 2806 739 2858 465:
756 2807 822 2856 diem
840 2805 966 2871 baptismo
983 2806 1151 2856 solemniorem
1165 2811 1267 2874 pasche

45 2883 180 2941 praestat,
200 2893 256 2924 cunr
273 2884 298 2924 et
310 2875 401 2941 passio
418 2877 529 2936 Domini,
547 2877 576 2923 in
593 2891 646 2942 qua
663 2876 800 2938 tingimur,
818 2876 959 2939 adimpleta
978 2883 1016 2924 eet
1033 2892 1081 2923 nec
1095 2877 1267 2941 incongruen-

47 2955 89 2994 ter·
107 2945 168 3012 quie
192 2945 229 2992 ad
251 2943 366 3008 {igneam
383 2945 613 3009 interpretabitur,
639 2945 708 3010 qaod
725 2960 781 2992 cum
799 2944 916 2992 ultricium
936 2943 1038 3006 pascha
1057 2941 1181 2994 Blaminae
1202 2957 1267 2996 esset

48 3023 167 3078 aeterne,
186 3014 271 3063 mr'rsis
290 3013 426 3078 deeripnlis
444 3014 481 3062 ad
494 3013 728 3078 praeparandum:
747 3013 893 3075 inuenietis,
912 3011 1011 3078 inpnit,
1031 3011 1154 3060 hominem
1172 3031 1267 3084 apuam

48 3083 220 3149 bajulantem.
256 3083 373 3132 Paschae
390 3083 560 3131 celebrandae
577 3083 658 3130 locam
677 3081 709 3129 de
728 3081 805 3146 signo
825 3095 911 3148 apaae
928 3079 1047 3131 ostendit.
1084 3081 1186 3132 Exinde
1203 3101 1267 3148 pen·

48 3159 144 3201 tecoete
162 3151 316 3202 ordinandis
341 3152 455 3200 lauamis
478 3150 630 3200 latrsm'mnnc
650 3151 763 3214 spatium
783 3157 835 3213 ert,
861 3165 911 3216 pao
938 3155 963 3195 et
985 3147 1090 3196 Domini
1111 3153 1267 3202 resarrcctr'o

48 3221 118 3270 inter·
136 3220 279 3284 discipulos
295 3219 463 3287 frequentata
483 3227 520 3270 eet
540 3227 566 3268 et
582 3219 677 3286 gratia
698 3220 812 3284 Spiritus
832 3222 858 3267 S.
878 3217 999 3266 dedicata
1020 3225 1045 3266 et
1064 3234 1123 3282 spes
1141 3221 1267 3272 adventus

49 3289 157 3338 Domini
173 3287 333 3352 cadomense,
353 3289 423 3356 qnod
437 3297 499 3338 tnnc
516 3289 545 3338 in
566 3291 648 3338 coelos
664 3296 817 3353 recuperato
838 3304 865 3336 co
884 3287 977 3350 angeli
994 3287 1031 3335 nd
1049 3290 1178 3352 apostolos
1195 3291 1267 3340 dixe·

48 3367 126 3418 ruent,
147 3359 186 3406 sic
203 3365 350 3422 uenturum,
369 3359 579 3426 quemadmodum
597 3365 622 3406 et
641 3359 668 3406 in
686 3359 768 3408 coelos
788 3357 940 3418 conscendit,
959 3357 1049 3423 ntique
1067 3359 1094 3404 in
1110 3367 1266 3422 pentecoste.

50 3425 215 3492 superfluum
238 3425 348 3477 tortasse
367 3427 515 3492 ridebitur,
542 3425 584 3476 bic
602 3427 748 3490 monuisse,
774 3441 823 3494 quo
841 3440 919 3476 seusu
938 3433 1096 3488 pentocostes
1114 3427 1267 3478 latissimam

49 3495 206 3544 ordinandis
223 3495 337 3545 lavacris
354 3497 483 3560 epatium,
504 3495 577 3560 cujus
596 3493 838 3546 Tertullianus
857 3494 988 3557 meminit,
1016 3494 1192 3560 accipiendum
1211 3496 1268 3548 sict

48 3563 152 3615 Etenim
171 3563 230 3628 ejus
249 3579 281 3614 ex
298 3569 384 3615 meato
400 3563 451 3614 hoc
476 3571 638 3631 pentecostes
659 3565 742 3632 spatio
768 3581 818 3614 nou
838 3563 908 3613 solus
929 3563 1056 3612 duntaxat
1077 3570 1104 3612 et
1127 3565 1266 3628 singularis

50 3634 116 3698 dies,
139 3633 185 3684 sed
205 3633 341 3684 universus
362 3633 546 3700 quinquaginta
567 3633 666 3684 dierum
686 3634 754 3684 inter
771 3633 868 3700 pascha
888 3637 913 3681 et
931 3637 1097 3696 pentecosten
1118 3632 1268 3698 interjecto-

50 3717 106 3752 rum
127 3703 278 3768 complexim
296 3703 443 3754 denotatur.
480 3703 532 3752 llos
552 3703 619 3752 enim
637 3703 751 3766 singulos
777 3703 860 3752 laetos
881 3700 1011 3764 festosque
1031 3705 1102 3749 actos
1124 3717 1180 3752 esse
1199 3702 1265 3770 dies,

50 3771 189 3838 tripudiis,
216 3771 355 3835 genialiter
374 3777 401 3822 et
421 3771 550 3838 explicata
570 3770 654 3822 lroate
675 3771 836 3834 celebratos,
858 3785 891 3819 ex
907 3767 1112 3832 jejunationum,
1135 3770 1268 3833 genicula-

51 3841 150 3890 tionum
171 3839 333 3906 aliarumque
349 3841 488 3891 severioris
504 3847 531 3890 et
548 3839 678 3902 rigidioris
698 3840 849 3906 disciplinae
868 3837 989 3904 partium,
1011 3851 1058 3916 per
1076 3836 1124 3888 hoc
1143 3841 1267 3906 temporis

51 3909 219 3960 intervallum
243 3910 349 3960 decreta
370 3909 537 3973 abrogatione
556 3907 633 3958 facile
654 3909 750 3974 liquot,
778 3907 870 3973 quippo
890 3919 953 3970 quas
974 3919 1031 3954 oum
1047 3907 1164 3970 Jucuuda
1182 3916 1209 3959 ct
1229 3910 1269 3962 hi-

50 3978 112 4042 lari,
133 3985 225 4044 partae
245 3977 403 4046 per'liomini
418 3978 644 4042 resurrectionem,
664 3977 756 4026 solutis
770 3975 1019 4039 laotistimorumque
1034 3973 1157 4028 divinitus
1176 3993 1268 4047 acecp-

50 4054 137 4098 torum
155 4047 339 4100 &crismatum
358 4047 525 4098 meditatione
546 4053 572 4096 et
591 4045 770 4096 recordatione
788 4044 865 4110 plano
884 4058 933 4092 non
953 4042 1101 4108 conspirare
1119 4063 1204 4114 posse,
1225 4051 1267 4116 pio

51 4115 165 4168 fidelium
187 4116 273 4168 coetui
294 4129 444 4183 persuasum
465 4122 532 4166 erat.
568 4113 631 4166 Piae
651 4115 732 4178 igitur
754 4111 935 4164 oblectationis
954 4112 1132 4194 et‘laetitiae,
1160 4117 1203 4168 oui
1221 4133 1268 4186 per

51 4185 100 4236 hoc
118 4193 220 4253 tempus
238 4185 416 4250 indulgebant,
433 4184 581 4236 testimonio
600 4199 699 4251 quoque
717 4190 775 4234 erat
793 4180 914 4249 baptismi
931 4179 1046 4246 largitio,
1066 4181 1134 4235 dicto
1151 4193 1267 4252 tempore

49 4253 245 4306 catechumenis
265 4253 351 4320 ‘iaeta,
379 4267 430 4320 qun
447 4254 576 4304 laetantes
595 4254 621 4304 iu
642 4253 778 4304 ecclesiam
797 4249 897 4316 ingredi
922 4250 1113 4318 communisque
1133 4257 1222 4318 gaudii
1241 4263 1269 4307 et

49 4323 220 4376 exultationis
247 4323 339 4375 affines
364 4323 422 4374 fleri
447 4329 576 4390 poterant.
614 4321 745 4375 Vocabulo
766 4327 926 4386 pentecostes
946 4335 1023 4370 seusu
1045 4329 1104 4373 aute
1125 4331 1266 4374 memorato

48 4394 204 4462 explicando
231 4393 362 4445 commode
386 4393 515 4444 inseruire
540 4392 645 4444 videtur
669 4391 742 4442 loeus
762 4389 976 4442 Tertulliani
1007 4389 1039 4438 de
1066 4391 1197 4446 idololatr.
1223 4391 1265 4443 tt.

49 4479 75 4534 p.
93 4462 147 4522 287
157 4482 165 4519 c
192 4463 301 4516 ethnicis
318 4463 395 4515 renel
413 4477 517 4514 annana
535 4462 592 4513 dies
608 4461 715 4532 partam
733 4461 818 4530 senne
835 4467 891 4525 (εἰς
916 4458 967 4508 tibi
982 4467 1071 4558 ortorp
1090 4475 1190 4531 qaoque
1207 4460 1268 4528 dier
