2968 4896
218 209 283 277 122
381 233 436 318 ρ’
547 299 560 320 l
604 204 738 276 xxxvl.
782 192 1061 292 attttmmng'
1209 255 1213 262 .
1471 215 1472 270 i

218 388 293 452 mam
309 385 497 469 judicabatur
512 384 688 466 baptismam
705 385 733 446 in
752 384 893 448 concione
909 384 1009 468 populi
1026 384 1106 458 lieri,
1126 392 1159 447 ut
1182 383 1356 452 clinicorum
1379 385 1438 447 ba-

217 477 342 559 ptismus
366 496 419 555 pro
437 474 605 555 imperfecto
623 473 684 535 sere
709 472 866 536 haberetur
889 495 984 555 neque
1007 472 1159 535 lrabeadcs
1183 474 1260 535 inter
1284 472 1437 553 legitimos
1472 440 1473 528 l

218 563 403 626 Christianos
426 562 554 643 maligne
578 562 693 644 qnidam
714 562 946 625 criminarentur.
985 561 1047 624 cta.
1065 560 1213 624 Calrocrii
1237 561 1283 624 rit.
1307 561 1383 623 cccl.
1405 563 1436 623 1.

239 652 327 715 .2o·7
344 672 386 714 ss.
909 649 913 657 “

217 674 236 734 Ρ
306 737 340 817 2)
367 739 400 802 lo
416 741 487 800 diem
503 759 521 800 o
537 744 682 800 noticitote
698 749 841 814 cotcoonr,
867 757 952 819 qnam
970 736 1112 819 imprimis
1130 737 1264 798 nonnulli
1284 737 1313 798 in
1333 734 1440 798 Africa

219 825 329 889 Christi
347 826 495 887 doctrinae
513 826 619 886 addicti
637 823 800 901 cleperent,
823 825 869 888 tis
887 826 1048 888 rationibus
1065 823 1195 904 impulsi,
1218 827 1269 906 (1)
1286 825 1440 905 ψιίειχοίτ-

219 913 359 976 carneisic
384 914 536 975 aludaeis
555 911 623 974 clim
642 914 705 974 lieo
726 915 848 994 jubente
871 915 918 974 die
943 927 1045 974 octaro
1063 911 1171 974 collata
1194 912 1265 986 icit,
1290 911 1319 972 in
1347 913 1441 992 cajus

218 1003 315 1064 lccum
333 1000 493 1082 baptismus
512 1000 707 1075 substitutus3
730 1002 779 1079 (2)
796 1002 864 1080 quia
887 1000 1026 1062 infantem
1049 1001 1206 1062 antediem
1224 1011 1358 1060 octavum
1377 1021 1442 1078 pu-

218 1111 283 1151 rum
301 1109 367 1151 esso
385 1089 534 1167 aegrotant
551 1109 605 1148 nae
622 1087 686 1148 sine
708 1087 827 1149 fastidio
850 1089 933 1169 pacis
951 1088 1082 1180 osculum
1106 1087 1163 1168 ipsi
1183 1090 1253 1148 darre
1270 1107 1358 1167 posse
1374 1108 1441 1166 pu-

219 1181 331 1239 tabant.
367 1175 624 1238 verumenimvero
648 1173 778 1238 rationes
801 1178 855 1236 irae
873 1179 1026 1237 admodum
1050 1174 1181 1236 infirmae
1204 1187 1274 1236 sunt
1296 1194 1352 1236 acc
1372 1195 1441 1236 mcs
1472 1241 1473 1248 χ

218 1266 284 1346 ipse
309 1285 326 1326 a
349 1263 497 1326 veteribus
516 1265 713 1344 approbatas,
738 1263 880 1344 siquidem
907 1266 1036 1342 synodus
1053 1263 1194 1324 Africana
1219 1262 1354 1343 praeside
1373 1262 1441 1343 Cy-

219 1352 322 1432 priano
348 1373 374 1412 a.
398 1349 467 1412 Chr.
485 1352 558 1412 257.
582 1349 698 1429 heririta,
725 1363 753 1412 et
774 1351 839 1430 ipse
864 1350 1027 1432 Cyprianus
1053 1351 1114 1435 (ep.
1133 1351 1184 1412 59.
1211 1373 1238 1430 p.
1256 1349 1296 1410 97
1315 1370 1339 1410 s.
1366 1370 1441 1430 app.

215 1440 317 1502 'Paris
336 1440 428 1500 1726.
447 1438 511 1516 iol.)
529 1439 565 1499 ad
583 1439 699 1514 Fidum,
720 1438 770 1519 qui
788 1459 851 1500 eum
869 1437 1001 1518 inprimis
1018 1437 1048 1498 in
1066 1435 1221 1498 ecclesiam
1237 1436 1348 1498 inferre
1366 1449 1440 1496 ten·
1475 1440 1476 1524 l

219 1529 309 1604 tabat,
327 1526 408 1586 illam
426 1525 601 1607 reprobavit.
625 1525 763 1608 Cypriani
783 1528 871 1587 rerba
887 1527 959 1587 hacc
975 1537 1059 1587 suot:
1080 1536 1212 1606 mantum
1227 1546 1291 1586 cero
1309 1527 1347 1586 cd
1362 1547 1439 1585 can·
1475 1525 1476 1532 ’

218 1637 280 1678 sont
306 1617 448 1691 infantam
472 1621 603 1694 pertinet,
627 1635 696 1694 qnos
719 1616 816 1675 dictati
829 1620 912 1676 inter
935 1617 1081 1676 secundom
1098 1617 1141 1676 cel
1164 1620 1274 1676 urticae
1291 1614 1362 1673 diem
1380 1634 1438 1692 qno

218 1709 281 1765 noti
296 1713 377 1776 sant,
401 1709 578 1775 constitutos,
604 1703 746 1782 baptizari
761 1723 817 1763 aon
833 1712 966 1782 oportere,
990 1713 1016 1762 ct
1031 1703 1261 1762 considerandam
1276 1721 1335 1761 esse
1349 1703 1439 1776 iopam

219 1796 435 1854 circumcisionis
452 1797 598 1869 antiquae,
623 1800 653 1849 at
671 1796 745 1850 intro
761 1800 887 1854 cotnocm
903 1792 1069 1864 dicmenm,
1095 1795 1141 1869 qrri
1157 1799 1243 1848 actnc
1258 1791 1323 1861 aret,¹
1339 1791 1439 1866 bapti-

219 1882 341 1940 acodanr
358 1889 383 1938 et
398 1878 627 1954 sanctificandam
643 1898 697 1938 aon
714 1887 836 1956 potares,
860 1879 939 1956 lcnpo
956 1879 1035 1938 aliod
1051 1883 1080 1937 in
1097 1879 1212 1938 concilio
1229 1887 1322 1936 nostro
1340 1882 1441 1936 canai·

219 1970 271 2027 lco
286 1974 375 2028 oisttm
392 1975 442 2026 est.
462 1997 502 2009 -
526 1997 567 2009 -—
593 1970 670 2025 Nom
693 1966 764 2044 qrrod
789 1971 818 2024 in
833 1965 952 2042 jatdaiia
975 1971 1179 2026 circoncisione
1195 1966 1304 2024 ceracii
1319 1973 1441 2024 octocnc

220 2056 279 2114 dies
303 2053 514 2128 ciceroniana,
532 2061 742 2112 sacramentnm
764 2061 804 2112 est
826 2057 856 2112 in
871 2055 969 2113 tambac
987 2063 1068 2132 otqrro
1087 2059 1117 2112 in
1133 2057 1252 2130 im'cyine
1267 2061 1332 2112 cote
1348 2072 1441 2130 prae-

220 2147 344 2214 missam,
365 2141 414 2199 aed
430 2145 551 2200 corticata
568 2141 676 2200 Girristo
695 2145 809 2200 ueritate
824 2143 995 2219 completam.
1030 2139 1117 2200 Item:
1134 2161 1201 2200 acm
1217 2150 1243 2200 et
1259 2140 1332 2220 qrrcd
1347 2146 1440 2199 cesti·

219 2235 295 2306 piram
311 2227 433 2302 infantis
448 2231 478 2286 in
493 2232 592 2306 primis
614 2236 715 2306 portua
740 2233 785 2287 sci
808 2228 902 2288 antus
920 2233 1061 2288 constituti
1084 2229 1215 2287 masadam
1240 2249 1295 2288 non
1312 2247 1376 2286 ceso
1389 2229 1439 2286 di·
1477 2225 1478 2230 ’

220 2321 304 2392 niati,
329 2315 402 2394 qaod
417 2334 489 2374 anns
505 2320 617 2394 qamqrtc
640 2325 766 2374 nostrum
782 2316 872 2376 adiaco
893 2317 1004 2377 lacerent
1019 2317 1193 2390 exosculari,
1217 2336 1265 2376 acc
1279 2317 1330 2376 ltoc
1346 2323 1439 2393 preta-

221 2423 283 2466 aats
307 2405 344 2464 cd
368 2405 507 2463 coelestem
529 2407 652 2480 pontiam
675 2403 798 2462 dandum
819 2405 1010 2482 impedimento
1035 2424 1093 2464 csse
1116 2413 1249 2482 oportere.
1292 2407 1439 2482 Scriptum

220 2498 293 2553 enirn
310 2501 371 2552 cst:
396 2496 489 2550 omnic
513 2491 618 2550 arando
640 2500 705 2550 sunt
727 2493 837 2552 mandis
852 2501 900 2551 eto.
940 2489 991 2551 Sic
1015 2491 1091 2571 quod
1115 2489 1279 2551 recentiora
1304 2501 1441 2567 tempora
1478 2507 1479 2572 i

221 2578 323 2640 attinet
339 2579 374 2638 de
391 2577 538 2637 Armeniis
556 2587 656 2637 narrat
672 2575 809 2639 Olearius
826 2577 904 2659 (itio.
923 2597 986 2658 cap.
998 2577 1061 2657 40.)
1080 2583 1108 2638 et
1125 2597 1175 2639 eos
1192 2578 1270 2638 hunc
1286 2576 1362 2637 diem
1381 2579 1440 2636 olr-

222 2684 349 2738 screare,
368 2672 395 2724 et
408 2663 579 2741 Lusitanos,
596 2663 626 2724 in
645 2664 727 2725 ladia
745 2664 878 2726 orientali
895 2667 1046 2743 degentes,
1066 2667 1189 2726 eundem
1206 2664 1280 2726 diem
1300 2671 1439 2724 octavum

221 2753 252 2812 in
268 2751 411 2831 baptismo
428 2750 590 2812 inlantilous
608 2751 784 2812 conferendo
803 2752 966 2830 custodire,
991 2752 1080 2813 relect
1096 2753 1148 2813 La.
1159 2751 1251 2815 Crczc
1267 2751 1440 2832 (innobil-

201 2841 303 2920 ‘dung
322 2841 373 2900 des
389 2837 497 2901 indian.
517 2838 773 2900 christon-Stante
790 2861 872 2920 pm.
891 2838 1057 2914 241.,268.
1069 2838 1109 2918 *).

307 2927 341 3006 3)
359 2925 417 2988 Alii
436 2925 546 2988 diutius
565 2937 593 2987 et
608 2927 638 2987 in
655 2927 782 2988 adultam
801 2936 925 2988 aetatem
941 2926 1083 2988 insecutum
1101 2925 1274 3008 baptismum
1294 2924 1440 2987 differ'eu-

221 3017 288 3078 dum
305 3013 469 3078 voluerunt.
497 3011 654 3076 Dilationis
670 3015 758 3095 hujus
775 3012 858 3076 nulla
875 3025 1008 3094 exparte
1026 3016 1213 3076 excusandae
1229 3010 1441 3076 Tertullianus

220 3103 277 3164 nisi
296 3123 386 3163 causa
404 3112 432 3162 et
449 3112 565 3177 auctor,
592 3112 623 3162 ut
641 3101 702 3163 iere
726 3101 856 3179 ridetur,
882 3111 977 3162 tamen
998 3103 1191 3182 adjutorem,
1216 3101 1264 3182 qui
1288 3101 1440 3164 rhetorico

220 3211 299 3252 more
315 3188 444 3268 graviter
460 3200 487 3250 ct
506 3187 663 3267 diligenter
681 3210 745 3249 eam
770 3191 968 3250 commendat:
1005 3196 1062 3252 Pro
1085 3191 1216 3270 caritasque
1234 3194 1311 3270 (cap.
1331 3189 1382 3250 18.
1402 3193 1440 3252 de

219 3279 299 3356 bapt.
315 3275 439 3356 inquit),
463 3297 598 3354 personae
615 3278 768 3337 conditione
788 3299 821 3338 ac
842 3279 1035 3356 dispositione,
1059 3285 1142 3338 ctione
1166 3287 1273 3350 cetote,
1296 3285 1440 3339 monetotio

219 3367 352 3443 baptisari
367 3365 462 3422 rutilior
472 3386 481 3436 ς
505 3369 651 3442 praecipere
666 3374 756 3424 tonica
773 3371 847 3427 circo
864 3369 1005 3444 parocias.
1025 3398 1064 3409 -
1084 3399 1125 3411 -—
1153 3370 1273 3426 Veniunt
1287 3386 1351 3444 erpo
1370 3368 1440 3426 decta

221 3453 397 3524 adolescantr
421 3455 534 3510 veniant
549 3452 613 3510 docnt
629 3453 753 3524 discant3
778 3453 852 3529 dnae,
877 3474 929 3533 qrro
945 3459 1066 3526 oenicnt,
1091 3454 1238 3526 docentar;
1261 3453 1332 3528 licat
1351 3455 1440 3513 otri-

220 3543 318 3614 aticai,
335 3558 418 3619 aaran
437 3541 575 3599 Gloriotnm
591 3558 671 3600 nosce
686 3546 832 3618 ponterint.
852 3573 949 3598 -.-
972 3545 1038 3600 Non
1053 3547 1158 3602 minore
1173 3543 1207 3600 de
1222 3561 1308 3602 corrsc
1325 3546 1441 3624 innrrpti

219 3698 447 3712 W

290 3793 317 3856 *t
340 3793 514 3846 observamus
540 3794 566 3844 h.
594 3794 611 3844 1.
639 3794 730 3846 merito
753 3795 830 3846 aliam
851 3796 1061 3848 ocusrretudloem
1086 3795 1235 3864 baptizandi
1260 3795 1374 3846 inientes
1396 3797 1440 3848 dia

220 3865 265 3916 tt.
287 3879 302 3914 a
322 3863 469 3914 nativitate.
508 3862 550 3914 Sic
572 3862 685 3914 eeclesia
705 3855 858 3930 riethiopica
879 3866 1007 3916 masculos
1029 3867 1097 3916 dicto
1119 3867 1171 3928 dia,
1193 3865 1326 3919 inemaiias
1348 3871 1439 3918 autem

221 3931 378 3995 octogesimo
397 3931 556 3998 baptizavit,
582 3932 631 3982 cisi
652 3931 739 3998 aliqua
759 3933 929 3984 intervenerit
949 3935 1094 3998 aegritudo.
1131 3933 1190 3986 Vid.
1209 3933 1319 3986 Wildt
1341 3935 1374 3986 de
1394 3951 1440 3986 oc-

222 4001 285 4052 clcs.
304 3999 457 4065 aethiopica
477 4001 596 4064 (argent.
617 4000 707 4062 1672.)
735 4017 760 4068 p.
775 4001 823 4052 tt.
858 4002 1026 4054 Ludolius
1047 4003 1108 4056 hist.
1127 4002 1248 4070 Aethicp.
1268 4003 1294 4056 3.
1314 4018 1338 4054 c.
1359 4003 1386 4055 d.
1410 4021 1438 4058 c.

219 4069 250 4121 st
271 4082 325 4131 ss,
354 4067 427 4132 cujus
451 4067 532 4119 verbu
558 4069 625 4134 apud
649 4070 673 4121 l.
693 4069 724 4120 L.
744 4069 934 4122 Oertelicar
953 4072 984 4122 de
1005 4073 1133 4136 theologia
1153 4072 1306 4139 Aethiopum
1326 4087 1352 4138 p.
1374 4073 1436 4126 112.

220 4137 341 4198 leauotnr
361 4142 388 4185 et
409 4134 506 4186 Colinti
531 4137 593 4188 diss.
616 4137 648 4186 de
673 4139 798 4202 baptismo
818 4139 845 4206 §.
867 4140 910 4192 3⁰.
947 4140 985 4191 lic
1004 4139 1159 4192 Christianis
1179 4142 1292 4208 antiquis
1313 4138 1438 4194 Malaina-

219 4205 282 4256 ricis
303 4205 331 4252 lc
351 4205 428 4254 Grau
445 4205 464 4255 l.
484 4220 508 4256 c.
530 4220 556 4270 p.
574 4207 635 4260 211.
658 4207 795 4272 observat,
816 4209 874 4259 illos
892 4208 1018 4262 iniectum
1037 4211 1190 4278 baptismum
1210 4226 1258 4278 par
1276 4225 1390 4262 mensem
1410 4219 1439 4262 et

220 4273 316 4325 diutius
335 4270 437 4323 differre
457 4274 636 4339 consuevisse,
657 4275 707 4326 imo
727 4293 906 4344 nonnunquam
926 4279 952 4328 iu
972 4294 1066 4330 aueum
1084 4280 1238 4346 septimum,
1266 4285 1387 4332 cetarum
1410 4288 1438 4332 et

220 4343 356 4396 decimum.
395 4339 515 4394 Olearica
536 4344 563 4394 io
583 4345 811 4401 cinnamomo.
832 4353 938 4412 narrat,
968 4348 1034 4414 quod
1058 4349 1254 4412 observaverit,
1277 4346 1437 4401 dioscoritas

220 4411 333 4464 inientes
353 4424 415 4461 suos
435 4417 494 4462 aute
514 4411 580 4463 diem
599 4412 643 4464 to.
663 4427 712 4464 nou
732 4413 876 4482 baptizare,
898 4416 948 4467 nisi
967 4417 1040 4470 vitae
1055 4417 1140 4472 subsit
1157 4417 1309 4485 periculum.
