2944 4890
141 252 233 318 XLV.
251 251 553 336 Ouupbr.Pantinint
569 253 607 316 de
621 251 679 316 ritu
690 249 851 336 repetiendi
863 259 947 316 tnmt.
959 271 1007 332 ap.
1019 249 1206 316 retthrist.
1230 248 1291 316 8³1
1328 347 1332 356 .

76 439 105 493 et
129 438 212 492 orate
229 450 283 511 pro
307 429 443 505 invicem,
462 437 495 492 nt
511 427 674 498 saiuemiui.
706 427 834 492 Multum
852 426 927 491 enim
946 427 1023 491 calet
1041 426 1208 508 deprecatio
1222 425 1293 506 justi

77 520 232 582 assidua.“
250 520 295 579 Dc
308 517 495 580 confessione
512 519 622 601 passim
636 518 712 580 omui
730 511 857 600 tempore
871 512 1294 597 usurpatadct.eap.19,18.t

75 606 194 686 „Muiti
215 606 396 668 credentium
416 607 572 668 ueniebant
598 606 768 669 confitentes
789 616 816 668 et
842 605 1049 667 adnuntiantes
1069 615 1188 684 peccata
1208 605 1294 665 sua.“

77 696 211 756 Eandem
224 704 344 756 soteres
363 705 472 776 patres,
499 693 675 776 Cyprianus,
700 695 884 771 Ambrosius,
903 692 1097 773 Augustinus,
1119 691 1293 770 Gregorius,

75 783 145 844 item
177 781 362 844 sozomenus
396 793 423 844 et
454 783 504 844 atii
533 803 623 864 saepe
656 791 890 844 commemorant.
922 781 1092 844 Ludov'icns
1118 779 1189 841 Pius
1223 779 1293 860 imp.

51 919 54 925 «
77 883 220 948 aegrotus
239 871 369 952 quotidie
388 870 584 954 confessionis
602 891 674 932 snae
694 891 809 946 munus,
832 869 1066 950 sacrificiumque
1083 868 1204 948 spiritus
1221 888 1294 928 eon-

77 958 208 1020 tribuia‘ti
227 969 255 1020 et
268 959 368 1020 cordis
384 959 527 1021 humiliati
543 960 606 1020 Deo
624 958 773 1036 offerebat,
791 958 942 1020 dnnouius
960 977 996 1018 ex
1012 959 1151 1018 Adcmcro
1167 957 1200 1016 dn
1215 959 1295 1018 rebor
1364 1018 1367 1023 ,

76 1053 165 1126 pestis
182 1053 353 1108 Francorum
376 1042 407 1122 5,
427 1049 476 1108 te.
505 1047 557 1108 ‚De
576 1057 760 1126 sacramento
779 1041 973 1107 eucharistiae
991 1044 1078 1125 panio
1101 1055 1168 1105 ante
1185 1043 1295 1104 obitum

77 1143 211 1214 sumpto,
232 1144 327 1196 exstat
350 1134 515 1214 exemptum
538 1137 614 1214 apud
633 1133 793 1197 Eusebium
818 1134 900 1216 (hist.
920 1132 992 1195 ecel.
1012 1131 1042 1206 d,
1057 1133 1124 1210 tr.)
1149 1134 1185 1192 do
1203 1131 1294 1193 Sera·

9 1275 10 1280 ,
80 1223 179 1304 piune,
198 1221 247 1302 qui
264 1241 321 1283 nou
340 1221 398 1282 nisi
416 1241 451 1284 ea
467 1235 605 1301 suscepta
622 1223 694 1283 mori
711 1223 813 1302 potuit.
838 1222 936 1285 Verba
950 1231 1019 1282 sunt
1034 1219 1124 1280 baec:
1142 1219 1293 1299 „Serapio

80 1309 200 1391 quidam
219 1319 283 1371 erat
300 1311 379 1392 apud
397 1329 451 1370 nos
469 1308 564 1370 finctis
585 1331 693 1386 senex,
719 1311 767 1391 qui
789 1310 838 1370 diu
863 1308 978 1390 quidem
1003 1305 1150 1386 inculpate
1171 1307 1293 1386 vixerat,

47 1477 51 1481 ῃ
79 1399 110 1458 in
129 1397 335 1476 persecutione
353 1417 422 1458 vero
440 1397 596 1459 ceciderat.
629 1397 688 1459 Hic
704 1417 914 1477 saepenumero
933 1394 1022 1474 recipi
1043 1395 1173 1474 petierat,
1195 1415 1293 1456 verum

80 1505 168 1546 nemo
193 1481 237 1544 illi
258 1487 436 1563 attenderat,
460 1485 677 1548 sacrificaverat
696 1485 782 1546 euim.
817 1485 849 1545 ln
870 1484 969 1544 morbo
989 1493 1084 1543 antem
1109 1481 1294 1560 constitutus,

80 1577 173 1634 totum
197 1571 323 1634 triduum
348 1582 446 1634 mutus
472 1582 499 1634 et
515 1593 656 1634 sensuum
680 1571 820 1634 facultate
840 1570 994 1632 destitutos
1012 1569 1125 1630 uransit.
1156 1569 1227 1642 Post
1244 1569 1293 1631 nbi

77 1669 182 1743 quarto
199 1658 397 1722 die‘nonuiitil
413 1661 620 1738 convaluisset,
638 1659 735 1740 nepoti
753 1681 789 1722 ex
804 1654 866 1722 fitia
882 1660 917 1720 ad
935 1679 967 1720 se
983 1667 1085 1720 vocato
1102 1655 1188 1720 dixit:
1209 1657 1294 1734 Quo-

79 1767 175 1829 usque
194 1769 210 1808 o
229 1747 270 1809 dii
288 1747 423 1810 detinetis
443 1748 512 1810 mei
545 1747 677 1811 Obsecro
699 1758 859 1828 properate,
879 1757 907 1808 et
924 1767 969 1807 me
985 1744 1125 1808 velociter
1142 1742 1294 1810 absolvite.

18 1849 22 1859 “
77 1837 162 1902 Vooa
187 1837 223 1896 ad
249 1855 294 1897 me
319 1835 445 1917 aliquem
466 1836 707 1918 expresbyteris.
755 1835 872 1912 Quibus
892 1833 994 1910 dictis,
1019 1833 1123 1893 iterum
1143 1833 1294 1895 obmutuit.

79 1923 220 1986 Cucurrit
244 1941 318 2004 puer
340 1927 375 1985 ad
393 1925 605 2004 presbyterum,
630 1933 691 1985 erat
714 1933 809 1984 autem
830 1943 899 1985 nox.
943 1921 1101 2001 Presbyter
1123 1923 1295 1999 aegrotabat

79 2011 206 2092 ideoque
223 2010 266 2073 ire
285 2031 349 2072 cunt
368 2032 459 2092 puero
477 2031 534 2072 non
551 2021 673 2091 poterat.
721 2011 866 2087 Quoniam
885 2029 953 2071 vero
970 2011 1184 2086 mandaveram,
1204 2008 1294 2069 mori-

79 2109 182 2176 turos,
201 2099 227 2160 si
245 2108 361 2179 petant,
387 2107 415 2160 et
431 2098 557 2160 maximo
577 2099 601 2162 si
620 2101 705 2162 etiam
725 2109 791 2160 ante
809 2097 980 2178 suppliciter
998 2095 1159 2177 petierunt,
1184 2095 1293 2158 admitti

79 2189 198 2262 debere,
215 2197 248 2247 nt
262 2205 317 2267 spe
334 2189 411 2247 bona
427 2185 492 2247 fuiti
510 2186 646 2266 migrent,
663 2207 763 2267 parum
781 2185 976 2246 eucharistiae
993 2205 1083 2264 puero
1095 2183 1174 2245 dedit
1187 2184 1294 2263 jussit-

79 2295 156 2355 que,
183 2281 215 2334 ut
238 2274 268 2334 id
285 2273 452 2335 infunderet
475 2284 503 2334 et
527 2275 558 2334 in
580 2293 614 2334 os
640 2273 720 2337 senis
742 2271 908 2335 instillaret.
940 2272 1018 2332 Puer
1042 2269 1130 2346 redit,
1158 2270 1295 2332 adferens

79 2359 298 2424 eucharistiam.
331 2361 519 2423 comantem
538 2361 664 2434 aricino
683 2369 769 2436 essct,
788 2371 941 2440 autequam
958 2359 1172 2436 ingrederetur,
1190 2377 1295 2419 rursus
1356 2400 1358 2408 ι

78 2448 243 2530 Serapion:
269 2447 377 2526 Venis,
402 2448 512 2530 inquit,
537 2446 602 2514 uti?
634 2447 791 2529 Presbyter
807 2447 922 2528 quidem
938 2445 1037 2506 venire
1054 2466 1110 2505 nou
1129 2453 1239 2524 potest,
1265 2455 1295 2506 tu

80 2555 149 2599 nero
170 2535 323 2598 confestim
348 2535 454 2613 facito,
480 2537 556 2616 qnod
574 2533 625 2597 iile
649 2535 797 2616 praecepit
815 2555 918 2616 meque
938 2533 1057 2594 dimitte.
1091 2531 1199 2610 infodit
1223 2551 1296 2612 puer
1372 2561 1374 2569 v

80 2644 117 2686 nc
136 2621 227 2686 simol
245 2623 288 2684 ori
306 2623 389 2687 senis
412 2621 576 2684 instillavit.
608 2623 667 2700 Qui
687 2643 751 2684 cunt
772 2643 874 2702 parum
892 2631 1051 2701 gustasset,
1076 2640 1143 2690 mox
1161 2620 1294 2700 spiritum

80 2711 215 2775 reddidit.
249 2713 296 2774 titt
315 2733 373 2772 non
391 2709 547 2792 perspicue
563 2730 654 2772 senex
673 2708 721 2770 bic
738 2711 881 2789 tantisper
897 2713 1030 2771 detentus
1046 2707 1111 2784 fuit,
1130 2711 1223 2769 donec
1239 2711 1296 2768 ab·

79 2799 244 2862 solveretur
270 2805 298 2860 et
325 2809 481 2879 apeocato
501 2797 644 2860 liberatus
663 2817 759 2858 coram
780 2798 891 2871 multis,
916 2815 992 2876 qnae
1010 2797 1137 2870 fecerat,
1165 2793 1294 2856 coutiteri

80 2887 213 2969 posset.“
245 2889 288 2948 lta
312 2886 472 2968 Dionysius
493 2884 710 2948 Alexandrinus
733 2885 763 2945 in
788 2883 911 2965 epistota
934 2885 970 2944 ad
989 2881 1114 2944 Fabium
1137 2879 1195 2944 Ι.1.
1217 2885 1295 2962 apud
1330 2947 1332 2950 ,

79 2973 255 3038 Eusebium.
288 2973 391 3037 Refert
410 2972 574 3054 Gregorius
599 2973 804 3036 Nazianzenus
829 2971 859 3031 iu
883 2978 1008 3032 erutione
1030 2976 1059 3030 tn
1081 2971 1178 3043 tannero
1194 2976 1296 3049 petris,

78 3074 193 3145 patrem
207 3079 298 3124 suurn
320 3065 503 3124 sacerdotem
521 3061 724 3124 ardentissima
749 3070 777 3121 et
793 3058 930 3120 diuturna
947 3056 1021 3120 febri
1039 3054 1231 3134 exhaustum,
1257 3061 1295 3118 ab

78 3149 189 3214 ancilia
207 3150 365 3232 aliqnando
382 3151 504 3232 synaxis
528 3159 661 3230 temporo
673 3150 827 3210 deductum
847 3167 935 3208 mauu
958 3146 988 3206 in
1007 3154 1179 3206 conventum
1197 3141 1296 3205 eccle-

77 3238 246 3316 sinntionm,
262 3238 293 3299 iu
308 3257 367 3320 quo
384 3259 437 3319 pro
454 3255 534 3300 more
553 3236 770 3314 cucharistiam,
788 3237 839 3298 sed
857 3233 1051 3315 paucissimis,
1069 3242 1097 3293 ct
1113 3231 1219 3312 quibus
1235 3241 1295 3306 tout

78 3341 134 3408 per
161 3329 292 3388 morbum
310 3325 421 3406 potuit,
444 3325 557 3402 verbis,
577 3331 797 3402 consecratam,
822 3324 889 3385 aiiis
910 3332 937 3384 et
959 3319 1139 3382 distribuerit
1162 3328 1190 3380 et
1206 3339 1244 3380 eet
1262 3339 1296 3382 ea

78 3413 262 3497 participarit
284 3413 350 3495 ipse
374 3431 500 3495 qunque.
545 3414 710 3476 Recensum
732 3433 801 3475 nero
819 3415 854 3474 ad
872 3410 980 3474 lectum
999 3410 1124 3489 ciboque
1143 3425 1296 3487 parumne

78 3515 193 3564 sommo
211 3501 364 3579 refectum,
383 3499 489 3564 melius
508 3501 604 3563 statim
622 3501 763 3564 habuisse
784 3521 818 3562 ac
835 3498 974 3581 pristinae
994 3499 1107 3558 tandem
1124 3493 1243 3555 sanitati
1259 3513 1297 3556 ex

77 3592 197 3670 integro
219 3589 318 3652 fuisse
344 3589 520 3652 restitutum.
555 3587 632 3650 nate
656 3589 793 3666 quiddam
821 3599 849 3649 et
876 3590 911 3648 de
938 3605 1040 3648 sorore
1067 3603 1123 3645 sua
1145 3581 1298 3658 Gorgonis

80 3678 185 3741 recitat
210 3677 240 3738 in
265 3683 390 3741 studens
415 3684 445 3739 tn
468 3680 566 3753 funere
590 3684 705 3739 sororis.
747 3675 812 3738 Hoc
839 3697 906 3737 vero
934 3677 969 3734 de
992 3673 1082 3733 fratre
1112 3689 1166 3731 sno
1191 3669 1297 3750 Satyro

80 3764 256 3828 Ambrosius
285 3763 547 3827 commemorantia
578 3773 704 3827 erutione
732 3771 762 3826 in
796 3767 893 3840 fcrttcrc
918 3763 1056 3841 quasdem:
1092 3805 1110 3834 „
1121 3757 1297 3838 Priusquam
1356 3780 1358 3785 ·

78 3853 201 3936 (inquit)
225 3853 452 3934 perfectioribus
467 3862 549 3914 essct
563 3851 698 3914 initiatus
716 3851 871 3932 mysteriis,
890 3849 919 3910 in
936 3845 1092 3926 naufragio
1110 3845 1297 3923 constitutus,

78 3959 147 4004 cum
163 3961 214 4016 ea,
237 3961 297 4022 qna
311 3942 467 4003 ueheretur
486 3939 570 4016 nari,
594 3937 753 4020 scopuloso
770 3939 859 4000 inlisa
877 3939 968 4010 vado,
994 3943 1022 3996 et
1039 3933 1212 4012 urgentibus
1229 3933 1297 3994 binc

78 4041 169 4111 atque
193 4028 263 4090 binc
278 4029 419 4090 ‘dumibus
444 4025 623 4104 solueretur,
647 4047 705 4088 uon
732 4035 849 4088 mortem
874 4033 1021 4100 metucns,
1039 4023 1098 4083 sed
1124 4042 1161 4083 ne
1183 4040 1297 4083 vacuus

76 4117 215 4200 mysterii
229 4116 325 4180 exiret
349 4135 364 4178 e
387 4115 463 4189 rita,
487 4133 561 4196 qnos
585 4115 715 4176 initiatos
734 4131 801 4176 esse
817 4119 1014 4192 cognoverat,
1036 4111 1071 4171 nb
1096 4108 1144 4170 itis
1168 4109 1297 4172 divinum

77 4205 156 4268 iliud
177 4204 305 4266 fidelium
332 4211 547 4266 sacramentnm
572 4203 722 4284 poposcit,
747 4223 804 4262 non
830 4211 861 4261 ut
876 4197 1013 4260 curiones
1034 4197 1137 4258 oenios
1156 4197 1298 4258 insereret

75 4287 219 4368 arcanis,
245 4295 298 4354 sed
315 4300 347 4354 nt
370 4289 437 4354 fidei
462 4311 534 4353 suae
555 4299 782 4372 consequeretur
803 4287 955 4350 auxilinm.
986 4285 1101 4348 Etenim
1120 4285 1209 4363 ligari
1228 4281 1297 4342 feeit

75 4383 109 4443 in
130 4379 276 4458 oratorio,
306 4389 333 4442 et
356 4381 515 4442 oratorium
534 4379 654 4442 invoivit
677 4380 709 4440 in
725 4375 802 4439 collo
829 4387 917 4456 atque
934 4375 975 4436 ita
991 4394 1024 4436 se
1042 4372 1151 4454 dejecit
1168 4372 1198 4430 in
1217 4387 1296 4429 maro

73 4477 107 4533 et
119 4478 263 4533 seruatus
277 4467 357 4532 ¹cst.“
390 4467 518 4532 'Garoias
535 4467 579 4530 M.
597 4466 685 4550 pauiu
699 4476 772 4530 nute
789 4465 898 4528 obitum
917 4462 1148 4527 sanctissimam
1165 4455 1298 4539 suscepit
