2968 4896
231 235 295 310 tlb
586 257 595 266 “
625 245 759 310 xxxiv.
804 243 894 310 Andr.
912 242 1040 308 Sebuicr

233 427 306 482 worm
328 423 420 500 ipsum
439 420 525 497 §catu
547 423 753 482 instrasti'onem
770 419 943 497 pidoiummio
960 409 1149 496 infidelitatem
1166 407 1318 502 pristinum
1340 423 1453 500 serique

231 510 294 569 boni
311 511 529 585 qaoratioaem,
555 527 604 568 neo
620 527 674 569 aon
689 513 765 570 citae
780 513 939 588 spiritualia
953 513 1136 588 privationem
1153 507 1341 581 causantem,
1369 518 1453 588 atqrm

230 605 330 657 sancta
346 596 407 674 0100
422 599 614 658 intercessione
629 601 681 657 Dei
698 598 905 676 diuinarumque
916 606 1064 676 compotem
1079 596 1141 672 tisri
1156 597 1344 674 postulantem
1362 617 1451 675 proe-

230 693 336 761 monet,
360 689 464 762 inlapse
486 686 530 746 illi
552 685 589 744 od
607 689 695 744 Derrm
711 686 891 746 accedendum
913 705 987 761 esse,
1011 695 1104 762 utpote
1119 705 1236 763 prorsas
1252 685 1411 764 perfectum
1428 695 1451 743 et

230 773 456 845 immacalatam,
481 777 677 852 propositoque
697 773 792 834 diuina
815 774 924 834 uiuendi
946 791 1062 850 norma,
1088 793 1136 832 neo
1158 791 1213 832 non
1237 777 1470 850 interropotam„

231 881 297 922 norm
315 879 350 921 en
367 879 400 920 ea
424 859 547 921 oiotraas
563 858 657 920 osset?
681 866 852 922 assentienti·
864 881 976 920 manaan
999 866 1084 940 capiti
1102 866 1227 939 imponit.
1264 859 1310 919 tte
1337 859 1450 920 adultis

232 949 317 1011 etiam
335 943 545 1026 intelligendus
565 957 610 1008 ost
626 946 709 1009 locus
724 946 754 1007 ia
772 947 896 1008 decretis
913 949 949 1008 de
965 947 1185 1008 consecratione
1202 947 1239 1008 D.
1251 944 1282 1007 4.
1299 965 1326 1006 e.
1343 947 1452 1008 73.-

231 1035 320 1120 110.
338 1035 424 1112 Quae
440 1033 583 1097 hactenns
599 1033 676 1097 dicta
692 1044 760 1096 sant
776 1037 812 1098 de
826 1034 970 1096 infantum
988 1045 1016 1096 et
1033 1034 1195 1096 adorltornm
1213 1034 1451 1114 susceptoribus,

233 1145 268 1186 ca
286 1122 374 1184 simul
391 1122 533 1200 innuunt,
552 1121 680 1184 officium
699 1143 756 1183 non
774 1125 850 1204 apud
867 1133 1008 1204 utrosque
1024 1121 1100 1184 idem
1119 1121 1232 1199 suisss3
1258 1121 1349 1183 adulti
1372 1123 1451 1182 eninr

233 1211 281 1293 qni
300 1221 399 1288 erant,
422 1209 443 1271 ii
461 1221 528 1272 ante
548 1211 720 1292 baptismum
744 1218 914 1292 susceptum
933 1231 951 1272 a
973 1210 1194 1291 susceptoribus
1219 1209 1282 1270 snis
1301 1209 1450 1270 informa-

233 1301 355 1376 bantur,
380 1319 437 1380 qao
463 1308 541 1360 tanto
557 1299 749 1380 promptiores
768 1300 806 1360 ad
829 1301 1063 1378 respondendam
1083 1297 1285 1375 efficerentur,
1309 1296 1341 1358 in
1358 1319 1450 1379 qnam
1470 1319 1471 1344 l

230 1407 293 1450 rem
311 1397 390 1448 extat
407 1407 472 1448 can.
488 1387 539 1448 47.
559 1405 641 1446 cono.
658 1387 751 1447 Laod.
791 1385 926 1468 Denique
943 1388 980 1448 ad
997 1388 1177 1448 sacerdotem
1196 1388 1349 1462 ducebant,
1376 1407 1450 1464 pre·

232 1479 383 1552 cabantnr,
402 1485 432 1536 nt
448 1473 533 1554 copia
546 1474 679 1555 baptismi
690 1474 798 1554 petenti
812 1477 1031 1550 concederetur,
1049 1490 1187 1555 quorsum
1200 1473 1342 1554 pertinent
1354 1473 1449 1533 rerba

231 1561 366 1644 Dionysii
384 1559 405 1624 1.
423 1583 448 1624 0.
473 1563 501 1648 1.
519 1563 550 1626 5.
591 1569 775 1646 Veruntamen
794 1565 917 1625 beneuole
931 1565 1043 1623 tundam
1059 1565 1143 1623 simul
1162 1567 1286 1642 petitioni
1301 1563 1358 1636 eina
1383 1565 1447 1637 (sc.

233 1649 448 1732 catechumeni)
465 1657 536 1711 sotis
550 1671 580 1711 se
594 1652 737 1727 [ueternum
753 1657 852 1712 annuit
868 1649 987 1734 (nempe
1003 1650 1170 1730 susceptor)
1194 1655 1337 1729 ipsamque
1352 1656 1449 1710 susci-

231 1747 312 1822 piens
327 1741 400 1800 111011
416 1741 453 1800 ad
469 1759 605 1799 summum
621 1741 797 1800 sacerdotem.
830 1738 862 1798 in
880 1759 915 1799 eo
932 1749 1027 1803 tamen
1045 1738 1160 1818 rrtriqne
1176 1737 1400 1810 conveniebant,
1414 1737 1449 1796 in

233 1849 290 1908 qno
308 1835 336 1888 et
350 1825 476 1888 maxima
492 1847 560 1906 pars
579 1825 666 1886 011011
685 1825 874 1900 consistebat,
893 1846 996 1906 nempe
1013 1837 1044 1886 nt
1059 1825 1188 1886 infantes
1207 1835 1287 1885 recta
1303 1824 1332 1884 in
1350 1826 1449 1886 Deum

231 1915 288 1977 fide
305 1917 502 1976 educarentur
517 1935 535 1974 a
551 1913 783 1994 susceptoribus,
800 1914 910 1995 totique
926 1915 954 1974 bi
971 1914 1001 1974 in
1017 1914 1045 1974 id
1064 1913 1273 1990 incumberent,
1292 1933 1349 1993 quo
1365 1913 1449 1974 veri·
1471 1937 1472 1952 2

68 2053 73 2062 .
137 2067 155 2086 μ
232 2014 319 2065 tatem
337 2001 486 2062 doctrinae
504 2000 640 2062 coelestis
658 2013 862 2080 agnoscerent,
887 2001 945 2062 imo
963 2001 1047 2062 etiam
1064 2001 1141 2063 vitae
1159 2000 1252 2061 civilis
1270 2021 1371 2061 euram
1393 2002 1448 2060 ba-
1472 2029 1473 2074 1

232 2093 344 2164 berent,
368 2090 422 2150 hos
441 2099 552 2168 patrum
569 2088 661 2150 instar
678 2101 827 2150 tnerentnr
844 2109 879 2151 ac
895 2089 1101 2166 defendereat3
1127 2089 1305 2170 quodetiam
1325 2087 1449 2168 requirit
1472 2081 1473 2164 1

232 2176 394 2260 Dionysius
412 2177 517 2257 areop.
534 2176 554 2237 Ι.
572 2197 597 2237 o.
616 2177 746 2257 rapuit.
763 2176 790 2260 §.
808 2179 838 2240 2.
856 2177 966 2258 pets.
990 2181 1109 2252 Placuit,
1126 2175 1229 2256 inquit,
1248 2179 1382 2255 pateruios
1399 2179 1449 2236 boo

233 2275 330 2327 101010
353 2265 490 2326 modoad
514 2267 677 2344 baptisatam
703 2269 828 2341 admitti,
852 2259 882 2326 al
904 2267 990 2326 oblati
1014 2269 1126 2346 porcarii
1148 2275 1276 2344 parentes
1300 2268 1447 2326 conterrales

230 2355 320 2432 tiliam
335 2360 385 2414 rrai
401 2374 436 2414 aa
458 2353 585 2430 fidelibus
607 2355 737 2428 tradant,
763 2359 810 2433 qui
832 2356 975 2432 praeclare
990 2358 1019 2413 in
1037 2355 1137 2414 diuinis
1152 2354 1231 2414 roias
1246 2373 1361 2432 pererrem
1379 2373 1446 2414 errr-

231 2445 299 2517 1101,
316 2443 366 2502 snb
380 2443 466 2520 crepas·
477 2444 602 2521 deinceps
617 2463 685 2502 curu
701 2447 738 2502 sil
755 2451 887 2520 tanquam
903 2443 953 2501 sab
968 2443 1060 2502 diuino
1076 2451 1165 2520 patre,
1183 2451 1348 2520 sanctaeque
1363 2444 1447 2501 sntio·
1473 2477 1474 2510 ,

231 2537 269 2592 lis
285 2540 449 2609 susceptore.
475 2563 510 2574 -
544 2535 601 2590 Vos
623 2539 688 2590 ants
704 2534 797 2590 omnio
814 2539 873 2589 tam
889 2535 964 2590 airas
980 2551 1063 2610 qaam
1080 2532 1207 2589 morlines
1223 2530 1375 2603 admoneo,
1399 2534 1448 2608 qai

230 2618 306 2693 tilios
321 2623 350 2700 ip
368 2619 502 2696 baptismo
517 2624 686 2696 suscepistis,
703 2627 734 2678 al
749 2639 798 2704 qos
817 2623 987 2696 capnosoalis
1002 2617 1178 2695 fidejrrssores
1195 2618 1272 2695 opud
1290 2622 1378 2676 Deam
1395 2637 1447 2694 pro
1473 2625 1474 2630 ’

231 2707 290 2765 illis
305 2709 444 2777 astitisse,
467 2725 536 2784 qnos
557 2711 612 2766 nisi
627 2712 692 2765 estis
715 2727 730 2765 e
753 2725 834 2766 sucro
856 2707 933 2782 fonte
949 2711 1094 2785 suscipere.
1130 2708 1249 2784 Ideoque
1269 2725 1377 2783 semper
1401 2723 1447 2763 eos

233 2794 383 2866 admonete,
401 2791 601 2853 illocalitatem
618 2795 1077 2872 01101011011,1110111101111119001,
1094 2799 1237 2853 caritatem
1252 2801 1371 2852 teneaat.
1404 2791 1448 2850 lta

233 2878 930 2960 1101811111114.1000050001.0105.
964 2913 1002 2926 -
1039 2882 1136 2963 111.
1169 2879 1446 2940 Adiafantesvero

230 2967 260 3029 id
277 2967 409 3048 inprimis
428 2967 607 3049 pertinebat,
633 2967 793 3049 quostiam
812 2967 937 3030 rrtaxime
962 2967 1134 3029 differebant
1157 2968 1193 3027 ab
1218 2967 1343 3044 aduitiS,
1369 2968 1446 3047 quod

140 3121 146 3133 ,
230 3075 285 3137 pro
309 3055 346 3118 iis
371 3057 589 3136 responsionem
615 3058 818 3136 depromerent
842 3056 1115 3136 confessionemque
1139 3053 1205 3116 fidei
1227 3075 1300 3116 suae
1328 3057 1448 3116 ederent
1470 3041 1474 3058 ¹

230 3149 418 3222 susceptores
435 3144 622 3224 Salariaeque
640 3153 667 3204 ct
684 3143 809 3204 omnium
828 3144 892 3225 ejus
919 3163 1037 3224 opernm
1055 3143 1332 3204 abrenunciationes
1354 3141 1447 3223 profi-

231 3237 371 3292 terentur.
412 3229 559 3306 Quorsum
583 3230 639 3292 vid.
659 3230 792 3292 Gratiam.
812 3231 848 3291 D.
866 3230 896 3291 4.
914 3235 948 3293 de
968 3250 1100 3292 conseer.
1119 3251 1184 3292 cun.
1202 3231 1262 3293 28:
1287 3237 1312 3292 ai
1334 3233 1448 3310 porculi

230 3325 295 3378 strat
311 3319 353 3376 cel
371 3318 489 3389 belotae,
513 3324 560 3396 qui
576 3320 730 3378 doetrirmm
746 3340 801 3378 aon
817 3326 939 3398 capiant,
963 3323 1146 3400 respondeant
1161 3341 1212 3400 pro
1236 3322 1295 3381 illis
1310 3326 1358 3399 qai
1373 3319 1447 3396 offe-

231 3412 313 3482 rant,
337 3403 418 3478 prata
434 3425 535 3464 onorem
552 3407 716 3483 baptizandi
732 3415 758 3466 et
773 3411 814 3466 sio
830 3429 930 3468 manus
945 3413 1119 3486 impositione
1135 3417 1160 3468 et
1176 3410 1324 3468 obrismale
1339 3411 1448 3467 inuncti

232 3493 424 3554 admittantur.
451 3491 560 3552 Eadem
579 3491 665 3554 tradit
680 3492 843 3575 Dionysius
859 3496 965 3576 Arcop.
981 3493 1005 3556 1.
1022 3517 1065 3556 e.:
1082 3499 1153 3556 boran
1168 3501 1262 3576 itoqne
1278 3494 1357 3570 (scii.
1375 3515 1447 3555 sns-

231 3585 395 3661 ceptorem)
411 3586 527 3642 antbtes
542 3591 636 3642 sancto
650 3587 859 3660 promittentem,
877 3605 907 3644 se
921 3603 1035 3663 pnertnn
1054 3585 1091 3644 od
1106 3593 1233 3644 sanctem
1249 3589 1336 3645 cilum
1352 3585 1447 3659 infor-

230 3677 380 3746 malarum,
400 3670 477 3747 jabel
493 3669 1262 3752 profiteriabrenunciatione-1sacrosqueprosessioneo.
1295 3669 1371 3730 llind
1391 3691 1448 3730 an-

230 3764 287 3818 tem
304 3775 361 3818 usn
380 3757 479 3819 venire
502 3756 632 3834 solebat,
655 3767 686 3818 nt
709 3779 813 3818 nomen
833 3777 947 3840 qnoque
972 3759 1118 3838 baptizato
1143 3779 1178 3820 eo
1203 3756 1292 3820 simul
1315 3768 1447 3837 tempore

230 3843 428 3924 imponeretur
450 3855 478 3905 ct
496 3845 609 3925 quidem
631 3845 837 3908 convenienter
854 3849 936 3925 (sunt
951 3847 1041 3906 rerba
1059 3847 1168 3926 Georg.
1187 3845 1296 3908 Gaiixti
1314 3845 1343 3906 in
1363 3845 1447 3907 Con-

232 3932 331 3992 cordia
348 3931 529 4012 Ecangelica
545 3931 597 3995 lib.
616 3935 645 3994 1.
663 3953 728 4013 cap.
746 3933 777 3995 9.
794 3955 823 4014 p.
842 3933 907 4014 52.)
926 3943 957 3994 at
972 3936 1037 3994 olim
1053 3939 1082 3994 in
1099 3940 1311 4012 circumcisione,
1333 3940 1375 3995 ito
1393 3937 1447 3995 bo-

231 4020 275 4079 die
290 4025 319 4078 in
334 4021 469 4096 baptismo
485 4027 598 4080 nomino
614 4023 769 4097 infantibus
784 4023 931 4098 induratur,
955 4024 1027 4102 qrrod
1043 4028 1098 4102 ipsi
1114 4032 1172 4083 torm
1187 4029 1246 4083 Deo
1263 4043 1361 4084 nornen
1378 4025 1448 4083 dare

230 4115 257 4166 sl
273 4106 427 4185 obsequium
449 4113 606 4186 promittere
620 4115 771 4190 incipiant,
795 4111 914 4188 adeoque
928 4129 963 4170 or
979 4119 1109 4189 potestate
1126 4113 1299 4172 tenebrarum
1315 4119 1347 4171 in
1363 4121 1446 4190 pote-

230 4201 331 4255 statem
347 4199 416 4269 Dei,
441 4199 471 4255 in
487 4197 565 4272 crrjsm
581 4201 663 4256 etiam
678 4203 800 4275 prolium
822 4199 988 4278 tutelamque
1003 4201 1176 4279 reserantur,
1201 4208 1358 4260 transeant.
1399 4199 1445 4259 De

231 4279 384 4361 gentilium
408 4299 476 4342 vero
501 4281 668 4362 imponendi
691 4284 818 4346 nominis
841 4285 1051 4347 consuetudine
1074 4285 1208 4368 inprimis
1231 4285 1292 4348 vid.
1308 4285 1444 4348 Rosians

230 4367 329 4449 Antiq.
346 4367 433 4432 Rom.
449 4367 480 4445 2,
501 4371 550 4430 19.
568 4391 596 4450 p.
614 4369 687 4432 381.
706 4403 745 4418 -
766 4372 793 4456 1.
814 4371 864 4434 12.
884 4371 930 4432 Ex
948 4373 1053 4454 quibus
1070 4372 1158 4436 facile
1176 4373 1318 4454 colligere
1333 4394 1445 4456 possu-

231 4475 313 4537 nrns,
329 4475 388 4518 son
406 4455 500 4520 inutili
518 4457 615 4520 statio
633 4455 779 4523 sollicitos
796 4457 890 4524 inisse
905 4460 1023 4542 Patres,
1041 4463 1109 4538 dnm
1124 4461 1156 4526 in
1173 4483 1208 4527 eo
1225 4461 1352 4527 maxime
1369 4483 1445 4548 ope·
