2968 4896
199 283 309 348 mr
518 371 521 378 γ
630 277 765 346 uxum
809 277 844 354 t.
859 277 898 341 r.
914 232 1121 358 urrormg.¹

244 477 363 538 neuque
378 453 579 538 turpissimam
594 455 718 518 honesta
733 449 964 540 prsescriptione
977 433 1157 536 tegendum?
1179 449 1257 512 ldem
1273 469 1341 512 reru
1357 457 1443 510 contra

243 544 473 611 bancrationem
489 544 643 608 dicendum
661 554 717 622 est,
734 546 810 626 quod
828 565 919 625 supro
936 545 971 604 ad
989 541 1112 622 primum
1128 538 1360 620 impedimentum
1377 536 1441 598 dixi:

157 661 162 668 ·
243 633 344 698 mortis
362 634 435 695 hora
459 633 546 694 nimis
572 631 685 694 incerta
703 642 757 696 est.
795 632 832 694 ldt
854 632 903 694 inc
928 629 1086 692 nonnullos
1108 627 1212 689 borum
1236 625 1387 688 dilatorum
1412 625 1442 685 ed

166 729 169 752 ¹
243 723 301 784 lroc
317 722 467 802 negotium
481 730 599 802 paratos
610 721 714 797 luisse,
732 719 800 802 quid
813 718 990 802 impediebat
1002 739 1059 800 quo
1072 715 1169 779 minus
1180 715 1262 778 lieret
1274 712 1443 794 baptismusl
1463 747 1464 766 t

243 809 277 872 ln
295 809 441 892 primitiva
457 808 584 870 ccclesia
596 809 719 870 simulac
736 807 802 888 quis
818 807 1011 889 profiteretur,
1029 826 1062 866 se
1074 805 1215 866 inlesum
1223 801 1368 866 Christum
1385 821 1441 863 cre·

244 901 325 974 dere,
343 897 408 960 sine
426 917 507 958 mora
523 899 561 956 nb
578 896 721 978 apostolis
739 896 794 958 luit
809 895 983 978 baptizatus.
1006 891 1151 976 Exempla
1166 893 1258 955 babes
1276 889 1378 968 ΑΜ,
1393 893 1443 966 dlp

126 1059 129 1064 ¹
224 981 274 1066 ¹8,
294 987 351 1060 12,
368 983 398 1061 9,
418 987 467 1046 19.
484 994 512 1046 et
528 983 599 1045 alibi
618 984 740 1064 passim.
1463 997 1464 1012 ¹

331 1073 418 1134 Nunc
443 1072 597 1136 ambitioso
630 1071 745 1134 delectu
777 1071 972 1152 quaerebant,
1004 1069 1092 1151 cnjus
1118 1089 1208 1132 manu
1232 1066 1443 1148 baptizarentur.

170 1227 173 1240 Χ
245 1160 457 1223 Praeferebant
475 1159 649 1240 baptismum
667 1163 704 1222 ab
722 1159 870 1240 episcopo,
887 1158 1019 1239 inprimis
1036 1156 1227 1234 celeberrimo
1241 1167 1269 1218 et
1285 1155 1314 1215 iu
1330 1151 1443 1216 anctori-

243 1259 303 1312 tate
321 1249 477 1310 constituto
495 1246 649 1326 collatum,
676 1247 726 1310 elii
745 1269 762 1309 a
779 1248 948 1328 presbytero
972 1237 1239 1326 alioqne‘clerico,
1263 1244 1301 1305 ab
1311 1241 1441 1324 'episcopo

241 1337 338 1418 jusso,
356 1339 442 1413 dato;
461 1347 487 1398 ct
506 1336 622 1398 omnino
637 1335 760 1413 ridetur,
778 1335 1012 1398 Valentinianum
1029 1333 1097 1415 imp.
1113 1333 1170 1396 hae
1186 1336 1222 1394 de
1239 1351 1330 1394 causa
1346 1332 1442 1410 absque

241 1425 386 1506 baptismo
405 1425 587 1502 decessisse,
612 1425 682 1506 quia
699 1427 735 1485 ab
752 1423 922 1502 Ambrosio,
948 1443 1005 1482 rron
1022 1443 1090 1484 reru
1114 1421 1172 1484 alio
1190 1419 1299 1484 elerico
1317 1417 1442 1500 baptismo

241 1513 353 1575 initiari
368 1509 485 1590 voluit,
498 1533 584 1598 quem
602 1523 696 1574 tamon
714 1513 769 1572 hoc
786 1531 917 1572 summae
934 1509 1120 1572 necessitatis
1137 1529 1209 1572 caen
1225 1527 1244 1571 a
1259 1507 1345 1586 laico,
1367 1505 1440 1566 immo
1463 1561 1464 1596 ,

243 1604 280 1663 nb
304 1601 452 1663 haeretico
466 1600 612 1682 ,accipere
635 1600 795 1682 potuissotq
820 1599 972 1678 omnibus,
999 1617 1074 1680 quae
1097 1596 1255 1660 essentiam
1282 1595 1464 1660 consituunt‘

155 1721 157 1724 ·
242 1688 391 1771 baptismi,
409 1689 463 1750 rite
481 1688 653 1752 observatis.
1405 1687 1417 1766 ᾖ
1463 1705 1464 1716 ³

330 1779 417 1840 Nune
445 1779 481 1840 de
506 1776 580 1856 loco,
597 1775 741 1857 baptismo
765 1775 871 1856 optime
897 1773 1080 1837 convenienti
1105 1773 1185 1834 dubii
1211 1781 1295 1836 erant
1318 1765 1443 1848 etanxii.

242 1864 321 1928 Hinc
338 1866 514 1946 baptismum
532 1865 562 1925 in
579 1867 705 1926 iordane
721 1863 820 1938 fluvio,
839 1864 924 1944 eujus
940 1883 1018 1944 aqua
1033 1861 1170 1925 Christus
1193 1861 1262 1923 olim
1282 1859 1439 1941 baptizatus,

243 1951 383 2014 collatum
409 1952 476 2014 aliis
505 1952 579 2012 locis
604 1951 741 2012 omuibus
761 1948 868 2012 collato
884 1951 1034 2031 praeferre
1050 1950 1232 2012 videbantur.
1274 1949 1312 2010 ut
1328 1955 1399 2010 certe
1415 1946 1443 2003 dr

243 2039 439 2104 Constantino
458 2041 502 2100 M.
521 2039 670 2101 Eusebius
694 2039 738 2118 (in
762 2038 822 2100 rita
847 2037 940 2119 ejusd.
956 2037 987 2114 4,
1005 2039 1158 2117 tit—62.)
1184 2037 1293 2116 refert,
1316 2035 1392 2096 illurn
1413 2033 1442 2093 ad

243 2137 422 2190 convocatos
441 2125 597 2208 episcopos
614 2127 655 2188 ita
670 2127 734 2187 fere
750 2125 878 2186 locutum
896 2125 1007 2188 luisse:
1036 2133 1157 2206 Tempus
1172 2137 1220 2202 est,
1238 2137 1270 2208 περ
1286 2126 1391 2187 tundent
1404 2127 1442 2180 in-

241 2221 318 2294 sipat
332 2219 390 2291 illo,
407 2215 456 2296 por
471 2217 542 2296 qnod
565 2217 802 2277 immortalitatem
819 2217 1016 2294 adipiscimur,
1040 2217 1230 2296 perfruamur.
1271 2217 1330 2288 Quo
1346 2233 1389 2290 epo
1402 2213 1444 2268 otti

241 2309 273 2365 in
288 2303 367 2366 illies
376 2307 513 2366 dordonis
527 2307 690 2383 anqitibut,
707 2309 738 2364 in
753 2305 851 2382 quibos
862 2306 995 2365 Soloutor
1007 2313 1100 2364 noster
1111 2305 1149 2364 ud
1163 2312 1291 2364 trostrnm
1306 2300 1442 2378 reemptio

242 2394 486 2474 baptizatorem
509 2401 694 2472 menecratem,
717 2393 811 2466 fucere
833 2397 1047 2466 consulueram
1072 2400 1165 2451 tumen
1183 2397 1278 2466 Deris,
1303 2389 1372 2470 quod
1387 2385 1443 2445 mibi

241 2483 366 2542 monime
379 2482 617 2542 ,uocornmodotum
632 2491 687 2555 est,
712 2500 838 2552 cernone,
863 2481 913 2540 boo
927 2485 958 2540 io
973 2481 1032 2540 loco
1050 2479 1150 2539 eisdem
1165 2483 1305 2554 mysteriis
1319 2479 1442 2554 diqnottr.

243 2567 398 2630 Cedrenus
415 2589 530 2648 quoque
546 2567 632 2634 aliive
648 2565 858 2643 meminerunt,
882 2566 911 2626 in
926 2567 1053 2628 Jordane
1072 2565 1145 2646 tingi
1162 2561 1304 2628 voluisse.
1339 2563 1374 2625 ldt
1389 2560 1442 2621 ldu·

242 2653 346 2714 sebins
363 2653 394 2714 in
412 2654 488 2714 libro
506 2657 542 2716 de
558 2653 632 2715 locis
657 2647 804 2716 hebraicis
829 2652 932 2730 refert,
959 2675 1053 2735 usque
1068 2643 1104 2714 ad
1122 2673 1205 2716 suam
1222 2663 1346 2718 aetatem
1361 2646 1442 2730 pluri-

242 2761 306 2802 mos
324 2743 358 2803 de
374 2741 516 2804 fratribus
534 2742 716 2804 Bethabaree
735 2752 816 2803 trans
833 2743 1016 2818 Jordanem,
1030 2741 1145 2803 renasci
1164 2740 1335 2820 capientes,
1358 2732 1442 2816 bapti-

242 2838 325 2891 zatos
341 2851 418 2894 esse.
458 2829 544 2892 Certe
569 2830 619 2892 diu
642 2841 709 2912 post
725 2829 850 2892 Eusebii
875 2841 903 2892 ct
918 2829 1088 2910 Hieronymi
1108 2839 1238 2910 tempora
1254 2827 1356 2890 fideles
1371 2827 1398 2886 in
1414 2842 1442 2883 eo

239 2916 307 2998 ipso
325 2917 390 2980 loco
407 2917 505 2980 lauare
523 2917 600 2980 soliti
617 2927 694 2996 sunt,
711 2919 869 2999 praecipue
887 2901 932 2979 dia
950 2918 1024 2978 festo
1035 2915 1248 2996 Theophaniae
1263 2921 1331 2998 post
1344 2909 1443 2993 baptis-

239 3021 321 3067 mum
347 3005 553 3086 parvulorum3
581 3016 614 3068 ut
642 3029 679 3068 ex
704 3005 854 3068 itinerario
878 3003 1016 3067 Antonini
1041 3005 1175 3086 martyris
1201 3014 1228 3066 et
1251 2997 1443 3082 Hodoeporico

239 3104 344 3156 sancto
361 3091 541 3169 tuittttattt
559 3097 635 3174 quod
654 3093 742 3155 edidit
758 3093 916 3166 Carisius,
940 3093 1044 3174 probat
1061 3093 1098 3156 H.
1115 3091 1254 3156 Valesius
1272 3093 1397 3173 (observ.
1413 3085 1444 3146 ad

240 3181 351 3242 Euseb.
369 3183 404 3240 do
420 3180 480 3240 rita
496 3181 598 3244 Consi.
613 3180 644 3260 4,
663 3181 740 3259 62).
772 3181 979 3260 Apostolorum
996 3196 1091 3242 autern
1109 3190 1239 3261 tempore
1255 3179 1444 3260 baptizabatur

240 3267 340 3328 ubiuis
363 3267 512 3344 locorum,
539 3279 624 3346 prout
646 3289 749 3348 nempe
774 3280 802 3329 et
818 3268 875 3330 loci
900 3279 927 3330 et
952 3269 1089 3350 temporis
1110 3263 1312 3348 opportunitas
1333 3265 1443 3334 decebat,

161 3437 163 3442 ι
240 3373 330 3434 quum
348 3362 444 3414 tormen
461 3353 547 3416 nobis
564 3373 621 3416 non
640 3355 678 3416 sit
696 3355 833 3432 dubium,
861 3355 932 3436 quin
948 3356 1074 3438 apostoli
1088 3356 1208 3418 Jordani
1228 3351 1381 3435 propinqui
1396 3350 1444 3411 noc

239 3441 328 3504 ilario
345 3440 489 3521 baptizari
504 3451 623 3504 autores
641 3443 766 3510 fuissent
783 3442 1019 3522 lrorninibus,'si
1041 3445 1120 3506 bunc
1141 3443 1316 3524 baptismum
1334 3441 1464 3522 praetr),

238 3529 345 3592 iissent
360 3529 428 3592 aliis
444 3529 529 3612 aquis
545 3529 633 3592 facto.
666 3531 729 3592 Nec
747 3531 877 3612 proiecto
896 3531 1036 3608 ridemus,
1056 3553 1200 3613 quaenam
1218 3529 1376 3611 peculiaris
1390 3525 1442 3604 pir·

122 3681 125 3690 ,
238 3627 287 3680 tus
301 3617 439 3696 dordonis
454 3618 541 3700 aquis
559 3617 629 3680 insit
641 3619 680 3697 *),
705 3619 762 3680 nisi
781 3622 880 3712 eredat
896 3618 1013 3700 aliquis,
1037 3619 1206 3702 hujusmodi
1223 3619 1293 3700 quid
1309 3619 1404 3680 lesum
1418 3611 1443 3672 in

238 3705 300 3768 illis
314 3705 484 3787 reliquisse,
508 3709 586 3788 quod
602 3727 670 3768 sese
693 3729 746 3788 per
763 3728 865 3768 omnes
882 3728 974 3788 aquas
992 3706 1158 3771 diffundens
1176 3727 1325 3788 nunquam
1343 3703 1444 3785 proflu-

237 3794 324 3858 xerit.
362 3795 425 3856 Nos
444 3794 617 3876 opponimus
645 3797 734 3856 rerba
752 3794 929 3857 Tertulliani
954 3797 1004 3870 (dc
1028 3792 1105 3876 bapt.
1122 3794 1187 3874 4.):
1212 3798 1293 3878 nullu
1317 3793 1444 3856 distinctio

238 3893 296 3954 eet,
320 3889 395 3944 meri
409 3891 487 3962 quoin,
513 3890 685 3962 metopon,
710 3884 822 3960 flumine
838 3905 876 3944 un
891 3885 984 3961 fonte,
1008 3886 1071 3944 lucit
1087 3906 1125 3946 un
1145 3887 1224 3946 alueo
1241 3885 1379 3955 diluatur;
1402 3895 1444 3938 ott

236 3968 390 4050 quicquum
399 3973 484 4045 refert
499 3978 571 4034 inter
586 3993 649 4051 eos,
676 3993 745 4052 quoe
760 3975 903 4034 dobunnes
919 3978 949 4032 in
964 3973 1089 4034 dordone
1103 3982 1131 4034 ct
1149 3993 1217 4054 quoe
1234 3979 1336 4034 Petrum
1351 3976 1381 4031 in
1398 3970 1443 4028 tt-

231 4095 438 4109 *-
506 4102 510 4106 .

306 4152 336 4224 *)
362 4155 484 4208 ltinerum
510 4158 696 4225 descriptiones
724 4158 825 4226 quidem
853 4159 969 4210 nonnihil
993 4159 1024 4210 de
1049 4159 1175 4224 singulari
1204 4160 1300 4210 virtute
1328 4163 1442 4222 uquarum

238 4225 315 4292 ltujus
334 4225 404 4276 fluvii
423 4227 549 4290 referunt,
573 4243 692 4294 quorsum
711 4243 736 4278 v.
757 4244 781 4280 c.
802 4228 941 4294 pertinent,
962 4243 1027 4294 quoe
1044 4229 1076 4280 de
1094 4229 1250 4280 salubritate
1267 4226 1403 4280 earundem
1420 4224 1443 4270 et

237 4293 484 4374 incorruptibilitate
503 4303 593 4346 narret
612 4296 788 4360 lledzivilius3
816 4297 848 4348 do
866 4311 917 4363 qen
937 4302 1015 4348 etiem
1035 4299 1153 4365 persuasi
1178 4313 1235 4350 esso
1259 4297 1379 4348 videntur
1396 4305 1443 4342 mu·
1463 4313 1464 4384 q

237 4365 316 4416 neobi
335 4363 430 4428 alitque
450 4365 658 4430 peregrinaturos
682 4365 759 4430 hujus
783 4373 886 4430 terrae,
915 4367 958 4432 qui
982 4373 1049 4418 teste
1069 4367 1162 4418 Cereio
1181 4365 1353 4432 Tbompseuio
1377 4358 1442 4426 equit

236 4432 309 4492 bisce
328 4433 465 4495 levantem
494 4441 522 4485 et
541 4449 613 4486 nemo
632 4451 682 4486 nou
703 4435 787 4498 videt,
814 4435 879 4486 bueo
903 4441 929 4484 ot
948 4437 1132 4502 superstitione
1152 4437 1215 4488 anili
1237 4435 1284 4488 uiti
1304 4441 1331 4490 ot
1349 4432 1380 4484 ed
1399 4431 1442 4480 bon

235 4501 433 4570 praejudicium,
456 4503 487 4556 de
505 4520 554 4572 qno
572 4511 661 4571 supro,
682 4501 724 4554 vel
743 4502 944 4558 confirmandum
961 4505 1004 4557 vol
1022 4505 1197 4560 excusantem
1214 4503 1280 4561 nihil
1298 4503 1393 4558 tumre.
