<?xml version="1.0" encoding="UTF-8"?>
<!DOCTYPE html PUBLIC "-//W3C//DTD XHTML 1.0 Transitional//EN"
    "http://www.w3.org/TR/xhtml1/DTD/xhtml1-transitional.dtd">
<html xmlns="http://www.w3.org/1999/xhtml" xml:lang="en" lang="en">
 <head>
  <title>
</title>
<meta http-equiv="Content-Type" content="text/html;charset=utf-8" />
  <meta name='ocr-system' content='tesseract 3.04.00' />
  <meta name='ocr-capabilities' content='ocr_page ocr_carea ocr_par ocr_line ocrx_word'/>
</head>
<body>
  <div class='ocr_page' id='page_1' title='image "./thesauruscommen00volbgoog_0357.png"; bbox 0 0 2944 4890; ppageno 0'>
   <div class='ocr_carea' id='block_1_1' title="bbox 228 259 1073 361">
    <p class='ocr_par' dir='ltr' id='par_1_1' title="bbox 228 259 1073 361">
     <span class='ocr_line' id='line_1_1' title="bbox 228 259 1073 361; baseline -0.009 -14"><span class='ocrx_word' id='word_1_1' title='bbox 228 279 295 347; x_wconf 77' lang='lat' dir='ltr'><strong>nso</strong></span> <span class='ocrx_word' id='word_1_2' title='bbox 594 259 702 342; x_wconf 63' lang='lat' dir='ltr'><strong>situi.</strong></span> <span class='ocrx_word' id='word_1_3' title='bbox 723 273 1073 361; x_wconf 66' lang='lat' dir='ltr'><strong>consulescoasules</strong></span> 
     </span>
    </p>
   </div>
   <div class='ocr_carea' id='block_1_2' title="bbox 179 449 1442 1850">
    <p class='ocr_par' dir='ltr' id='par_1_2' title="bbox 179 449 1442 1592">
     <span class='ocr_line' id='line_1_2' title="bbox 229 449 1438 536; baseline -0.007 -15"><span class='ocrx_word' id='word_1_4' title='bbox 229 456 375 521; x_wconf 85' lang='lat' dir='ltr'><strong>civitatem</strong></span> <span class='ocrx_word' id='word_1_5' title='bbox 392 453 555 516; x_wconf 80' lang='lat' dir='ltr'><strong>Romanam</strong></span> <span class='ocrx_word' id='word_1_6' title='bbox 573 449 773 533; x_wconf 82' lang='lat' dir='ltr'><strong>introducens,</strong></span> <span class='ocrx_word' id='word_1_7' title='bbox 793 455 892 517; x_wconf 88' lang='lat' dir='ltr'><strong>cadero</strong></span> <span class='ocrx_word' id='word_1_8' title='bbox 911 470 963 536; x_wconf 86' lang='lat' dir='ltr'><strong>per</strong></span> <span class='ocrx_word' id='word_1_9' title='bbox 980 452 1133 516; x_wconf 72' lang='lat' dir='ltr'><strong>daconins</strong></span> <span class='ocrx_word' id='word_1_10' title='bbox 1150 471 1205 514; x_wconf 88' lang='lat' dir='ltr'><strong>sen</strong></span> <span class='ocrx_word' id='word_1_11' title='bbox 1221 451 1403 515; x_wconf 84' lang='lat' dir='ltr'><strong>monasteria</strong></span> <span class='ocrx_word' id='word_1_12' title='bbox 1417 461 1438 515; x_wconf 88' lang='lat' dir='ltr'><strong>et</strong></span> 
     </span>
     <span class='ocr_line' id='line_1_3' title="bbox 228 539 1437 626; baseline -0.005 -19"><span class='ocrx_word' id='word_1_13' title='bbox 228 541 362 626; x_wconf 86' lang='lat' dir='ltr'><strong>reliquas</strong></span> <span class='ocrx_word' id='word_1_14' title='bbox 377 539 523 604; x_wconf 59' lang='lat' dir='ltr'><strong>ecclesus</strong></span> <span class='ocrx_word' id='word_1_15' title='bbox 542 561 607 603; x_wconf 85' lang='lat' dir='ltr'><strong>euna</strong></span> <span class='ocrx_word' id='word_1_16' title='bbox 624 541 799 603; x_wconf 67' lang='lat' dir='ltr'><strong>¹condecenti</strong></span> <span class='ocrx_word' id='word_1_17' title='bbox 816 543 931 604; x_wconf 85' lang='lat' dir='ltr'><strong>‘studuit</strong></span> <span class='ocrx_word' id='word_1_18' title='bbox 947 543 1058 604; x_wconf 89' lang='lat' dir='ltr'><strong>honore</strong></span> <span class='ocrx_word' id='word_1_19' title='bbox 1075 540 1206 620; x_wconf 83' lang='lat' dir='ltr'><strong>recondi,</strong></span> <span class='ocrx_word' id='word_1_20' title='bbox 1226 550 1255 602; x_wconf 90' lang='lat' dir='ltr'><strong>et</strong></span> <span class='ocrx_word' id='word_1_21' title='bbox 1270 539 1437 624; x_wconf 86' lang='lat' dir='ltr'><strong>praesertim</strong></span> 
     </span>
     <span class='ocr_line' id='line_1_4' title="bbox 228 627 1438 710; baseline -0.006 -14"><span class='ocrx_word' id='word_1_22' title='bbox 228 633 260 696; x_wconf 90' lang='lat' dir='ltr'><strong>in</strong></span> <span class='ocrx_word' id='word_1_23' title='bbox 276 629 406 694; x_wconf 79' lang='lat' dir='ltr'><strong>eeclesia</strong></span> <span class='ocrx_word' id='word_1_24' title='bbox 421 629 600 706; x_wconf 89' lang='lat' dir='ltr'><strong>monasterii,</strong></span> <span class='ocrx_word' id='word_1_25' title='bbox 625 629 749 710; x_wconf 84' lang='lat' dir='ltr'><strong>quadiu</strong></span> <span class='ocrx_word' id='word_1_26' title='bbox 767 629 852 691; x_wconf 89' lang='lat' dir='ltr'><strong>domu</strong></span> <span class='ocrx_word' id='word_1_27' title='bbox 870 629 1034 710; x_wconf 84' lang='lat' dir='ltr'><strong>proprisio</strong></span> <span class='ocrx_word' id='word_1_28' title='bbox 1052 630 1190 690; x_wconf 87' lang='lat' dir='ltr'><strong>hondroru</strong></span> <span class='ocrx_word' id='word_1_29' title='bbox 1211 627 1260 691; x_wconf 87' lang='lat' dir='ltr'><strong>Ss.</strong></span> <span class='ocrx_word' id='word_1_30' title='bbox 1276 627 1438 710; x_wconf 75' lang='lat' dir='ltr'><strong>pontilicun</strong></span> 
     </span>
     <span class='ocr_line' id='line_1_5' title="bbox 229 715 1439 801; baseline -0.006 -17"><span class='ocrx_word' id='word_1_31' title='bbox 229 718 373 801; x_wconf 76' lang='lat' dir='ltr'><strong>Stephani</strong></span> <span class='ocrx_word' id='word_1_32' title='bbox 396 718 549 800; x_wconf 77' lang='lat' dir='ltr'><strong>martyris,</strong></span> <span class='ocrx_word' id='word_1_33' title='bbox 582 725 609 778; x_wconf 91' lang='lat' dir='ltr'><strong>et</strong></span> <span class='ocrx_word' id='word_1_34' title='bbox 627 717 768 798; x_wconf 78' lang='lat' dir='ltr'><strong>Spirestri</strong></span> <span class='ocrx_word' id='word_1_35' title='bbox 793 717 974 780; x_wconf 87' lang='lat' dir='ltr'><strong>conlcssoris</strong></span> <span class='ocrx_word' id='word_1_36' title='bbox 998 737 1018 778; x_wconf 89' lang='lat' dir='ltr'><strong>a</strong></span> <span class='ocrx_word' id='word_1_37' title='bbox 1039 715 1238 779; x_wconf 67' lang='lat' dir='ltr'>fundamentis</span> <span class='ocrx_word' id='word_1_38' title='bbox 1263 717 1369 779; x_wconf 83' lang='lat' dir='ltr'><strong>erexit.</strong></span> <span class='ocrx_word' id='word_1_39' title='bbox 1402 716 1439 778; x_wconf 80' lang='lat' dir='ltr'><strong>hl</strong></span> 
     </span>
     <span class='ocr_line' id='line_1_6' title="bbox 228 803 1440 892; baseline -0.005 -22"><span class='ocrx_word' id='word_1_40' title='bbox 228 829 316 892; x_wconf 82' lang='lat' dir='ltr'><strong>quam</strong></span> <span class='ocrx_word' id='word_1_41' title='bbox 336 807 547 869; x_wconf 73' lang='lat' dir='ltr'><strong>venerabilium</strong></span> <span class='ocrx_word' id='word_1_42' title='bbox 565 817 731 866; x_wconf 79' lang='lat' dir='ltr'><strong>structorum</strong></span> <span class='ocrx_word' id='word_1_43' title='bbox 750 825 891 886; x_wconf 90' lang='lat' dir='ltr'><strong>corpora,</strong></span> <span class='ocrx_word' id='word_1_44' title='bbox 912 825 988 887; x_wconf 86' lang='lat' dir='ltr'><strong>quae</strong></span> <span class='ocrx_word' id='word_1_45' title='bbox 1011 803 1203 886; x_wconf 80' lang='lat' dir='ltr'><strong>depraedatis</strong></span> <span class='ocrx_word' id='word_1_46' title='bbox 1223 803 1374 866; x_wconf 87' lang='lat' dir='ltr'><strong>demolitis</strong></span> <span class='ocrx_word' id='word_1_47' title='bbox 1393 806 1440 865; x_wconf 90' lang='lat' dir='ltr'><strong>ah-</strong></span> 
     </span>
     <span class='ocr_line' id='line_1_7' title="bbox 228 891 1441 972; baseline -0.005 -14"><span class='ocrx_word' id='word_1_48' title='bbox 228 895 312 959; x_wconf 87' lang='lat' dir='ltr'><strong>stulit</strong></span> <span class='ocrx_word' id='word_1_49' title='bbox 328 894 520 971; x_wconf 86' lang='lat' dir='ltr'><strong>coemeteriis,</strong></span> <span class='ocrx_word' id='word_1_50' title='bbox 538 892 664 954; x_wconf 83' lang='lat' dir='ltr'><strong>anaxinro</strong></span> <span class='ocrx_word' id='word_1_51' title='bbox 677 892 873 954; x_wconf 76' lang='lat' dir='ltr'><strong>uenerationis</strong></span> <span class='ocrx_word' id='word_1_52' title='bbox 889 893 996 956; x_wconf 79' lang='lat' dir='ltr'><strong>affectu</strong></span> <span class='ocrx_word' id='word_1_53' title='bbox 1007 891 1154 955; x_wconf 88' lang='lat' dir='ltr'><strong>transtulit</strong></span> <span class='ocrx_word' id='word_1_54' title='bbox 1173 892 1441 972; x_wconf 79' lang='lat' dir='ltr'><strong>liquereooodidit.</strong></span> 
     </span>
     <span class='ocr_line' id='line_1_8' title="bbox 179 979 1441 1062; baseline -0.008 -14"><span class='ocrx_word' id='word_1_55' title='bbox 179 1023 182 1029; x_wconf 92' lang='lat'>·</span> <span class='ocrx_word' id='word_1_56' title='bbox 229 981 383 1048; x_wconf 84' lang='lat' dir='ltr'><strong>Paschalis</strong></span> <span class='ocrx_word' id='word_1_57' title='bbox 412 1003 487 1062; x_wconf 88' lang='lat' dir='ltr'><strong>papa</strong></span> <span class='ocrx_word' id='word_1_58' title='bbox 513 979 602 1042; x_wconf 88' lang='lat' dir='ltr'><strong>multa</strong></span> <span class='ocrx_word' id='word_1_59' title='bbox 626 1001 749 1060; x_wconf 86' lang='lat' dir='ltr'><strong>corpora</strong></span> <span class='ocrx_word' id='word_1_60' title='bbox 773 991 957 1060; x_wconf 84' lang='lat' dir='ltr'><strong>sanctorum,</strong></span> <span class='ocrx_word' id='word_1_61' title='bbox 983 1002 1059 1062; x_wconf 88' lang='lat' dir='ltr'><strong>quae</strong></span> <span class='ocrx_word' id='word_1_62' title='bbox 1077 979 1107 1041; x_wconf 89' lang='lat' dir='ltr'><strong>iu</strong></span> <span class='ocrx_word' id='word_1_63' title='bbox 1132 979 1236 1044; x_wconf 87' lang='lat' dir='ltr'><strong>dirutis</strong></span> <span class='ocrx_word' id='word_1_64' title='bbox 1260 980 1441 1042; x_wconf 79' lang='lat' dir='ltr'><strong>coemeteriis</strong></span> 
     </span>
     <span class='ocr_line' id='line_1_9' title="bbox 228 1065 1442 1156; baseline -0.004 -22"><span class='ocrx_word' id='word_1_65' title='bbox 228 1069 375 1156; x_wconf 73' lang='lat' dir='ltr'><strong>iacebant,</strong></span> <span class='ocrx_word' id='word_1_66' title='bbox 392 1069 469 1130; x_wconf 91' lang='lat' dir='ltr'><strong>iutra</strong></span> <span class='ocrx_word' id='word_1_67' title='bbox 485 1070 586 1129; x_wconf 83' lang='lat' dir='ltr'><strong>urbem</strong></span> <span class='ocrx_word' id='word_1_68' title='bbox 603 1067 633 1128; x_wconf 91' lang='lat' dir='ltr'><strong>iu</strong></span> <span class='ocrx_word' id='word_1_69' title='bbox 650 1067 777 1130; x_wconf 87' lang='lat' dir='ltr'><strong>eeclesia</strong></span> <span class='ocrx_word' id='word_1_70' title='bbox 794 1076 914 1131; x_wconf 85' lang='lat' dir='ltr'><strong>sanetae</strong></span> <span class='ocrx_word' id='word_1_71' title='bbox 925 1068 1069 1131; x_wconf 84' lang='lat' dir='ltr'><strong>Praxedi&#39;s</strong></span> <span class='ocrx_word' id='word_1_72' title='bbox 1087 1065 1253 1130; x_wconf 83' lang='lat' dir='ltr'><strong>collocarit.</strong></span> <span class='ocrx_word' id='word_1_73' title='bbox 1282 1070 1317 1130; x_wconf 87' lang='lat' dir='ltr'><strong>lo</strong></span> <span class='ocrx_word' id='word_1_74' title='bbox 1331 1067 1442 1150; x_wconf 87' lang='lat' dir='ltr'><strong>portien</strong></span> 
     </span>
     <span class='ocr_line' id='line_1_10' title="bbox 229 1155 1441 1238; baseline -0.005 -16"><span class='ocrx_word' id='word_1_75' title='bbox 229 1171 298 1222; x_wconf 91' lang='lat' dir='ltr'><strong>ante</strong></span> <span class='ocrx_word' id='word_1_76' title='bbox 316 1155 468 1219; x_wconf 79' lang='lat' dir='ltr'><strong>basilicam</strong></span> <span class='ocrx_word' id='word_1_77' title='bbox 486 1156 517 1218; x_wconf 88' lang='lat' dir='ltr'><strong>S.</strong></span> <span class='ocrx_word' id='word_1_78' title='bbox 535 1155 613 1217; x_wconf 88' lang='lat' dir='ltr'><strong>Petri</strong></span> <span class='ocrx_word' id='word_1_79' title='bbox 634 1155 769 1236; x_wconf 88' lang='lat' dir='ltr'><strong>apostoli,</strong></span> <span class='ocrx_word' id='word_1_80' title='bbox 793 1177 883 1237; x_wconf 86' lang='lat' dir='ltr'><strong>propo</strong></span> <span class='ocrx_word' id='word_1_81' title='bbox 899 1156 1125 1220; x_wconf 82' lang='lat' dir='ltr'><strong>vetustissimum</strong></span> <span class='ocrx_word' id='word_1_82' title='bbox 1142 1155 1344 1233; x_wconf 75' lang='lat' dir='ltr'><strong>ocerannum,</strong></span> <span class='ocrx_word' id='word_1_83' title='bbox 1370 1158 1441 1238; x_wconf 80' lang='lat' dir='ltr'><strong>qued</strong></span> 
     </span>
     <span class='ocr_line' id='line_1_11' title="bbox 228 1243 1442 1326; baseline -0.004 -16"><span class='ocrx_word' id='word_1_84' title='bbox 228 1267 309 1310; x_wconf 90' lang='lat' dir='ltr'><strong>nunc</strong></span> <span class='ocrx_word' id='word_1_85' title='bbox 333 1255 436 1306; x_wconf 87' lang='lat' dir='ltr'><strong>saneta</strong></span> <span class='ocrx_word' id='word_1_86' title='bbox 458 1243 557 1305; x_wconf 86' lang='lat' dir='ltr'><strong>Maria</strong></span> <span class='ocrx_word' id='word_1_87' title='bbox 581 1246 620 1310; x_wconf 86' lang='lat' dir='ltr'><strong>de</strong></span> <span class='ocrx_word' id='word_1_88' title='bbox 639 1243 773 1306; x_wconf 74' lang='lat' dir='ltr'><strong>febribus</strong></span> <span class='ocrx_word' id='word_1_89' title='bbox 798 1253 936 1323; x_wconf 83' lang='lat' dir='ltr'><strong>vocatur,</strong></span> <span class='ocrx_word' id='word_1_90' title='bbox 964 1245 1081 1325; x_wconf 86' lang='lat' dir='ltr'><strong>sepulta</strong></span> <span class='ocrx_word' id='word_1_91' title='bbox 1104 1243 1223 1305; x_wconf 84' lang='lat' dir='ltr'><strong>luerunt</strong></span> <span class='ocrx_word' id='word_1_92' title='bbox 1247 1263 1374 1326; x_wconf 86' lang='lat' dir='ltr'><strong>corpora</strong></span> <span class='ocrx_word' id='word_1_93' title='bbox 1397 1245 1442 1305; x_wconf 88' lang='lat' dir='ltr'><strong>Ss.</strong></span> 
     </span>
     <span class='ocr_line' id='line_1_12' title="bbox 231 1329 1441 1414; baseline -0.004 -16"><span class='ocrx_word' id='word_1_94' title='bbox 231 1337 430 1399; x_wconf 85' lang='lat' dir='ltr'><strong>Romanorum</strong></span> <span class='ocrx_word' id='word_1_95' title='bbox 447 1329 623 1413; x_wconf 83' lang='lat' dir='ltr'><strong>pontificum,</strong></span> <span class='ocrx_word' id='word_1_96' title='bbox 640 1331 760 1408; x_wconf 88' lang='lat' dir='ltr'><strong>Leonis,</strong></span> <span class='ocrx_word' id='word_1_97' title='bbox 775 1331 930 1412; x_wconf 84' lang='lat' dir='ltr'><strong>Simplicii,</strong></span> <span class='ocrx_word' id='word_1_98' title='bbox 948 1331 1071 1410; x_wconf 87' lang='lat' dir='ltr'><strong>Gelasii,</strong></span> <span class='ocrx_word' id='word_1_99' title='bbox 1087 1329 1237 1394; x_wconf 76' lang='lat' dir='ltr'><strong>anastasii</strong></span> <span class='ocrx_word' id='word_1_100' title='bbox 1251 1330 1290 1393; x_wconf 90' lang='lat' dir='ltr'><strong>lt.</strong></span> <span class='ocrx_word' id='word_1_101' title='bbox 1309 1332 1441 1414; x_wconf 78' lang='lat' dir='ltr'><strong>Sprnrna·</strong></span> 
     </span>
     <span class='ocr_line' id='line_1_13' title="bbox 228 1417 1440 1502; baseline -0.005 -17"><span class='ocrx_word' id='word_1_102' title='bbox 228 1421 289 1500; x_wconf 77' lang='lat' dir='ltr'><strong>ehi,</strong></span> <span class='ocrx_word' id='word_1_103' title='bbox 307 1419 491 1496; x_wconf 83' lang='lat' dir='ltr'><strong>Hormisdae,</strong></span> <span class='ocrx_word' id='word_1_104' title='bbox 511 1418 631 1482; x_wconf 85' lang='lat' dir='ltr'><strong>loannis</strong></span> <span class='ocrx_word' id='word_1_105' title='bbox 652 1419 671 1481; x_wconf 94' lang='lat' dir='ltr'><strong>l.</strong></span> <span class='ocrx_word' id='word_1_106' title='bbox 689 1417 724 1480; x_wconf 91' lang='lat' dir='ltr'><strong>ll.</strong></span> <span class='ocrx_word' id='word_1_107' title='bbox 744 1429 773 1480; x_wconf 90' lang='lat' dir='ltr'><strong>et</strong></span> <span class='ocrx_word' id='word_1_108' title='bbox 789 1418 850 1498; x_wconf 93' lang='lat' dir='ltr'><strong>lll.,</strong></span> <span class='ocrx_word' id='word_1_109' title='bbox 870 1418 982 1482; x_wconf 81' lang='lat' dir='ltr'><strong>Felicis</strong></span> <span class='ocrx_word' id='word_1_110' title='bbox 1001 1421 1060 1498; x_wconf 89' lang='lat' dir='ltr'><strong>lll.,</strong></span> <span class='ocrx_word' id='word_1_111' title='bbox 1079 1418 1224 1482; x_wconf 76' lang='lat' dir='ltr'><strong>Bonifatii</strong></span> <span class='ocrx_word' id='word_1_112' title='bbox 1243 1419 1289 1494; x_wconf 85' lang='lat' dir='ltr'><strong>lh,</strong></span> <span class='ocrx_word' id='word_1_113' title='bbox 1310 1419 1440 1502; x_wconf 72' lang='lat' dir='ltr'><strong>Agapeti,</strong></span> 
     </span>
     <span class='ocr_line' id='line_1_14' title="bbox 230 1505 796 1592; baseline -0.014 -16"><span class='ocrx_word' id='word_1_114' title='bbox 230 1508 419 1592; x_wconf 76' lang='lat' dir='ltr'><strong>Pelagioruro</strong></span> <span class='ocrx_word' id='word_1_115' title='bbox 437 1509 460 1570; x_wconf 91' lang='lat' dir='ltr'><strong>l.</strong></span> <span class='ocrx_word' id='word_1_116' title='bbox 477 1519 504 1569; x_wconf 84' lang='lat' dir='ltr'><strong>et</strong></span> <span class='ocrx_word' id='word_1_117' title='bbox 521 1508 557 1568; x_wconf 90' lang='lat' dir='ltr'><strong>ll.</strong></span> <span class='ocrx_word' id='word_1_118' title='bbox 575 1516 602 1568; x_wconf 88' lang='lat' dir='ltr'><strong>et</strong></span> <span class='ocrx_word' id='word_1_119' title='bbox 619 1505 755 1586; x_wconf 82' lang='lat' dir='ltr'><strong>Gregorii</strong></span> <span class='ocrx_word' id='word_1_120' title='bbox 773 1506 796 1568; x_wconf 94' lang='lat' dir='ltr'><strong>l.</strong></span> 
     </span>
    </p>

    <p class='ocr_par' dir='ltr' id='par_1_3' title="bbox 230 1592 1439 1764">
     <span class='ocr_line' id='line_1_15' title="bbox 318 1592 1439 1676; baseline -0.003 -17"><span class='ocrx_word' id='word_1_121' title='bbox 318 1597 350 1660; x_wconf 92' lang='lat' dir='ltr'><strong>ln</strong></span> <span class='ocrx_word' id='word_1_122' title='bbox 370 1595 538 1671; x_wconf 85' lang='lat' dir='ltr'><strong>secretario,</strong></span> <span class='ocrx_word' id='word_1_123' title='bbox 562 1595 638 1676; x_wconf 78' lang='lat' dir='ltr'><strong>quod</strong></span> <span class='ocrx_word' id='word_1_124' title='bbox 660 1605 738 1656; x_wconf 88' lang='lat' dir='ltr'><strong>nunc</strong></span> <span class='ocrx_word' id='word_1_125' title='bbox 755 1593 862 1656; x_wconf 88' lang='lat' dir='ltr'><strong>dieitur</strong></span> <span class='ocrx_word' id='word_1_126' title='bbox 879 1601 982 1657; x_wconf 85' lang='lat' dir='ltr'><strong>saneta</strong></span> <span class='ocrx_word' id='word_1_127' title='bbox 997 1592 1095 1658; x_wconf 81' lang='lat' dir='ltr'><strong>Maria</strong></span> <span class='ocrx_word' id='word_1_128' title='bbox 1114 1595 1149 1658; x_wconf 86' lang='lat' dir='ltr'><strong>do</strong></span> <span class='ocrx_word' id='word_1_129' title='bbox 1166 1594 1259 1674; x_wconf 75' lang='lat' dir='ltr'><strong>lehre,</strong></span> <span class='ocrx_word' id='word_1_130' title='bbox 1277 1605 1347 1658; x_wconf 86' lang='lat' dir='ltr'><strong>auto</strong></span> <span class='ocrx_word' id='word_1_131' title='bbox 1364 1593 1439 1659; x_wconf 86' lang='lat' dir='ltr'><strong>hasi-</strong></span> 
     </span>
     <span class='ocr_line' id='line_1_16' title="bbox 230 1681 1047 1764; baseline -0.005 -15"><span class='ocrx_word' id='word_1_132' title='bbox 230 1683 317 1749; x_wconf 87' lang='lat' dir='ltr'><strong>lieam</strong></span> <span class='ocrx_word' id='word_1_133' title='bbox 335 1684 368 1748; x_wconf 81' lang='lat' dir='ltr'><strong>S.</strong></span> <span class='ocrx_word' id='word_1_134' title='bbox 384 1683 462 1746; x_wconf 88' lang='lat' dir='ltr'><strong>Petri</strong></span> <span class='ocrx_word' id='word_1_135' title='bbox 481 1682 606 1764; x_wconf 86' lang='lat' dir='ltr'><strong>apostoli</strong></span> <span class='ocrx_word' id='word_1_136' title='bbox 623 1681 748 1764; x_wconf 77' lang='lat' dir='ltr'><strong>quiescit</strong></span> <span class='ocrx_word' id='word_1_137' title='bbox 766 1682 943 1744; x_wconf 75' lang='lat' dir='ltr'><strong>Benedictus</strong></span> <span class='ocrx_word' id='word_1_138' title='bbox 960 1693 1047 1764; x_wconf 83' lang='lat' dir='ltr'><strong>papa.</strong></span> 
     </span>
    </p>

    <p class='ocr_par' dir='ltr' id='par_1_4' title="bbox 318 1767 1438 1850">
     <span class='ocr_line' id='line_1_17' title="bbox 318 1767 1438 1850; baseline -0.003 -16"><span class='ocrx_word' id='word_1_139' title='bbox 318 1772 352 1834; x_wconf 92' lang='lat' dir='ltr'><strong>ln</strong></span> <span class='ocrx_word' id='word_1_140' title='bbox 379 1771 504 1834; x_wconf 77' lang='lat' dir='ltr'><strong>basilica</strong></span> <span class='ocrx_word' id='word_1_141' title='bbox 527 1768 620 1831; x_wconf 89' lang='lat' dir='ltr'><strong>sancti</strong></span> <span class='ocrx_word' id='word_1_142' title='bbox 640 1769 718 1831; x_wconf 89' lang='lat' dir='ltr'><strong>Petri</strong></span> <span class='ocrx_word' id='word_1_143' title='bbox 742 1769 866 1850; x_wconf 88' lang='lat' dir='ltr'><strong>apostoli</strong></span> <span class='ocrx_word' id='word_1_144' title='bbox 892 1771 1036 1832; x_wconf 85' lang='lat' dir='ltr'><strong>dormiunt</strong></span> <span class='ocrx_word' id='word_1_145' title='bbox 1060 1768 1110 1833; x_wconf 85' lang='lat' dir='ltr'><strong>Ss.</strong></span> <span class='ocrx_word' id='word_1_146' title='bbox 1130 1767 1255 1832; x_wconf 80' lang='lat' dir='ltr'><strong>Rotnani</strong></span> <span class='ocrx_word' id='word_1_147' title='bbox 1276 1767 1438 1850; x_wconf 81' lang='lat' dir='ltr'><strong>pontifices,</strong></span> 
     </span>
    </p>
   </div>
   <div class='ocr_carea' id='block_1_3' title="bbox 142 1857 1437 1939">
    <p class='ocr_par' dir='ltr' id='par_1_5' title="bbox 142 1857 1437 1939">
     <span class='ocr_line' id='line_1_18' title="bbox 142 1857 1437 1939; baseline -0.005 -14"><span class='ocrx_word' id='word_1_148' title='bbox 142 1925 147 1936; x_wconf 68' lang='grc'>,</span> <span class='ocrx_word' id='word_1_149' title='bbox 228 1860 428 1939; x_wconf 73' lang='lat' dir='ltr'><strong>Sabinianus,</strong></span> <span class='ocrx_word' id='word_1_150' title='bbox 445 1857 590 1920; x_wconf 88' lang='lat' dir='ltr'><strong>Bonilaeii</strong></span> <span class='ocrx_word' id='word_1_151' title='bbox 610 1858 658 1919; x_wconf 89' lang='grc' dir='ltr'><strong>ΙΙΙ.</strong></span> <span class='ocrx_word' id='word_1_152' title='bbox 675 1857 722 1920; x_wconf 90' lang='lat' dir='ltr'><strong>lV.</strong></span> <span class='ocrx_word' id='word_1_153' title='bbox 741 1859 773 1920; x_wconf 89' lang='lat' dir='ltr'><strong>V.</strong></span> <span class='ocrx_word' id='word_1_154' title='bbox 793 1857 842 1921; x_wconf 93' lang='lat' dir='ltr'><strong>Vl.</strong></span> <span class='ocrx_word' id='word_1_155' title='bbox 856 1857 935 1930; x_wconf 65' lang='lat' dir='ltr'><strong>⁸Vlll.</strong></span> <span class='ocrx_word' id='word_1_156' title='bbox 955 1867 983 1920; x_wconf 91' lang='lat' dir='ltr'><strong>ct</strong></span> <span class='ocrx_word' id='word_1_157' title='bbox 999 1857 1050 1921; x_wconf 79' lang='lat' dir='ltr'><strong>tx.</strong></span> <span class='ocrx_word' id='word_1_158' title='bbox 1074 1857 1257 1934; x_wconf 86' lang='lat' dir='ltr'><strong>Densdedit,</strong></span> <span class='ocrx_word' id='word_1_159' title='bbox 1278 1858 1401 1920; x_wconf 84' lang='lat' dir='ltr'><strong>Bonorii</strong></span> <span class='ocrx_word' id='word_1_160' title='bbox 1419 1859 1437 1918; x_wconf 94' lang='lat' dir='ltr'><strong>l.</strong></span> 
     </span>
    </p>
   </div>
   <div class='ocr_carea' id='block_1_4' title="bbox 216 1936 1439 2286">
    <p class='ocr_par' dir='ltr' id='par_1_6' title="bbox 216 1936 1439 2286">
     <span class='ocr_line' id='line_1_19' title="bbox 231 1936 1438 2026; baseline -0.007 -15"><span class='ocrx_word' id='word_1_161' title='bbox 231 1962 259 2011; x_wconf 91' lang='lat' dir='ltr'><strong>et</strong></span> <span class='ocrx_word' id='word_1_162' title='bbox 278 1949 325 2012; x_wconf 92' lang='lat' dir='ltr'><strong>lV.</strong></span> <span class='ocrx_word' id='word_1_163' title='bbox 358 1946 535 2022; x_wconf 79' lang='lat' dir='ltr'><strong>Severinus,</strong></span> <span class='ocrx_word' id='word_1_164' title='bbox 561 1945 690 2006; x_wconf 82' lang='lat' dir='ltr'><strong>dunceres</strong></span> <span class='ocrx_word' id='word_1_165' title='bbox 708 1944 756 2008; x_wconf 91' lang='lat' dir='ltr'><strong>lV.</strong></span> <span class='ocrx_word' id='word_1_166' title='bbox 777 1945 810 2008; x_wconf 89' lang='lat' dir='ltr'><strong>V.</strong></span> <span class='ocrx_word' id='word_1_167' title='bbox 829 1945 878 2008; x_wconf 90' lang='lat' dir='ltr'><strong>Vl.</strong></span> <span class='ocrx_word' id='word_1_168' title='bbox 895 1945 958 2007; x_wconf 88' lang='lat' dir='ltr'><strong>Vll.</strong></span> <span class='ocrx_word' id='word_1_169' title='bbox 980 1945 1053 2008; x_wconf 92' lang='lat' dir='ltr'><strong>Vlll.</strong></span> <span class='ocrx_word' id='word_1_170' title='bbox 1077 1945 1127 2006; x_wconf 86' lang='lat' dir='ltr'><strong>tx.</strong></span> <span class='ocrx_word' id='word_1_171' title='bbox 1147 1944 1226 2008; x_wconf 85' lang='lat' dir='ltr'><strong>XlV.</strong></span> <span class='ocrx_word' id='word_1_172' title='bbox 1241 1943 1307 2026; x_wconf 76' lang='lat' dir='ltr'><strong>XV.</strong></span> <span class='ocrx_word' id='word_1_173' title='bbox 1323 1936 1399 2007; x_wconf 76' lang='lat' dir='ltr'><strong>xvt.</strong></span> <span class='ocrx_word' id='word_1_174' title='bbox 1414 1953 1438 2006; x_wconf 91' lang='lat' dir='ltr'><strong>et</strong></span> 
     </span>
     <span class='ocr_line' id='line_1_20' title="bbox 229 2031 1438 2111; baseline -0.005 -13"><span class='ocrx_word' id='word_1_175' title='bbox 229 2035 311 2099; x_wconf 82' lang='lat' dir='ltr'><strong>xlx.</strong></span> <span class='ocrx_word' id='word_1_176' title='bbox 339 2033 487 2096; x_wconf 78' lang='lat' dir='ltr'><strong>Tlrecdori</strong></span> <span class='ocrx_word' id='word_1_177' title='bbox 504 2034 527 2093; x_wconf 92' lang='lat' dir='ltr'><strong>l.</strong></span> <span class='ocrx_word' id='word_1_178' title='bbox 546 2041 574 2093; x_wconf 90' lang='lat' dir='ltr'><strong>et</strong></span> <span class='ocrx_word' id='word_1_179' title='bbox 590 2031 627 2093; x_wconf 92' lang='lat' dir='ltr'><strong>ll.</strong></span> <span class='ocrx_word' id='word_1_180' title='bbox 645 2031 773 2111; x_wconf 80' lang='lat' dir='ltr'><strong>Bugonii</strong></span> <span class='ocrx_word' id='word_1_181' title='bbox 793 2032 813 2096; x_wconf 93' lang='lat' dir='ltr'><strong>l.</strong></span> <span class='ocrx_word' id='word_1_182' title='bbox 833 2031 870 2092; x_wconf 93' lang='lat' dir='ltr'><strong>ll.</strong></span> <span class='ocrx_word' id='word_1_183' title='bbox 891 2031 943 2096; x_wconf 92' lang='lat' dir='ltr'><strong>lll.</strong></span> <span class='ocrx_word' id='word_1_184' title='bbox 963 2041 990 2093; x_wconf 88' lang='lat' dir='ltr'><strong>et</strong></span> <span class='ocrx_word' id='word_1_185' title='bbox 1007 2031 1055 2097; x_wconf 88' lang='lat' dir='ltr'><strong>lV.</strong></span> <span class='ocrx_word' id='word_1_186' title='bbox 1072 2031 1246 2107; x_wconf 73' lang='lat' dir='ltr'><strong>Vitalianus,</strong></span> <span class='ocrx_word' id='word_1_187' title='bbox 1263 2031 1438 2107; x_wconf 80' lang='lat' dir='ltr'><strong>Adeodatus,</strong></span> 
     </span>
     <span class='ocr_line' id='line_1_21' title="bbox 229 2113 1439 2202; baseline -0.004 -16"><span class='ocrx_word' id='word_1_188' title='bbox 229 2120 337 2186; x_wconf 83' lang='lat' dir='ltr'><strong>Boruai</strong></span> <span class='ocrx_word' id='word_1_189' title='bbox 354 2120 417 2182; x_wconf 86' lang='lat' dir='ltr'><strong>sire</strong></span> <span class='ocrx_word' id='word_1_190' title='bbox 434 2117 614 2181; x_wconf 84' lang='lat' dir='ltr'><strong>Bornniones</strong></span> <span class='ocrx_word' id='word_1_191' title='bbox 631 2117 653 2181; x_wconf 90' lang='lat' dir='ltr'><strong>l.</strong></span> <span class='ocrx_word' id='word_1_192' title='bbox 672 2127 700 2177; x_wconf 92' lang='lat' dir='ltr'><strong>et</strong></span> <span class='ocrx_word' id='word_1_193' title='bbox 716 2117 754 2180; x_wconf 88' lang='lat' dir='ltr'><strong>ll.</strong></span> <span class='ocrx_word' id='word_1_194' title='bbox 780 2120 905 2196; x_wconf 74' lang='lat' dir='ltr'><strong>Agatho,</strong></span> <span class='ocrx_word' id='word_1_195' title='bbox 922 2120 1039 2202; x_wconf 87' lang='lat' dir='ltr'><strong>Leones</strong></span> <span class='ocrx_word' id='word_1_196' title='bbox 1056 2118 1079 2183; x_wconf 94' lang='lat' dir='ltr'><strong>l.</strong></span> <span class='ocrx_word' id='word_1_197' title='bbox 1099 2119 1138 2183; x_wconf 90' lang='lat' dir='ltr'><strong>ll.</strong></span> <span class='ocrx_word' id='word_1_198' title='bbox 1154 2119 1207 2182; x_wconf 87' lang='lat' dir='ltr'><strong>lV.</strong></span> <span class='ocrx_word' id='word_1_199' title='bbox 1225 2119 1273 2182; x_wconf 93' lang='lat' dir='ltr'><strong>Vl.</strong></span> <span class='ocrx_word' id='word_1_200' title='bbox 1290 2113 1439 2184; x_wconf 91' lang='lat' dir='ltr'><strong>Vll.Vlll.</strong></span> 
     </span>
     <span class='ocr_line' id='line_1_22' title="bbox 216 2202 1439 2286; baseline -0.005 -14"><span class='ocrx_word' id='word_1_201' title='bbox 216 2220 261 2279; x_wconf 56' lang='lat' dir='ltr'><strong>‚et</strong></span> <span class='ocrx_word' id='word_1_202' title='bbox 277 2207 328 2270; x_wconf 86' lang='lat' dir='ltr'><strong>lX.</strong></span> <span class='ocrx_word' id='word_1_203' title='bbox 362 2205 512 2269; x_wconf 73' lang='lat' dir='ltr'><strong>Benedicti</strong></span> <span class='ocrx_word' id='word_1_204' title='bbox 532 2204 568 2268; x_wconf 92' lang='lat' dir='ltr'><strong>ll.</strong></span> <span class='ocrx_word' id='word_1_205' title='bbox 588 2203 639 2268; x_wconf 93' lang='lat' dir='ltr'><strong>lll.</strong></span> <span class='ocrx_word' id='word_1_206' title='bbox 659 2205 707 2268; x_wconf 91' lang='lat' dir='ltr'><strong>lV.</strong></span> <span class='ocrx_word' id='word_1_207' title='bbox 724 2205 772 2269; x_wconf 92' lang='lat' dir='ltr'><strong>Vl.</strong></span> <span class='ocrx_word' id='word_1_208' title='bbox 789 2202 865 2268; x_wconf 87' lang='lat' dir='ltr'><strong>Vlll.</strong></span> <span class='ocrx_word' id='word_1_209' title='bbox 886 2217 914 2268; x_wconf 87' lang='lat' dir='ltr'><strong>et</strong></span> <span class='ocrx_word' id='word_1_210' title='bbox 931 2207 983 2268; x_wconf 85' lang='lat' dir='ltr'><strong>lx.</strong></span> <span class='ocrx_word' id='word_1_211' title='bbox 1008 2207 1111 2283; x_wconf 87' lang='lat' dir='ltr'><strong>Caua,</strong></span> <span class='ocrx_word' id='word_1_212' title='bbox 1132 2206 1231 2286; x_wconf 73' lang='lat' dir='ltr'><strong>Sergii</strong></span> <span class='ocrx_word' id='word_1_213' title='bbox 1249 2205 1271 2268; x_wconf 88' lang='lat' dir='ltr'><strong>l.</strong></span> <span class='ocrx_word' id='word_1_214' title='bbox 1287 2215 1318 2269; x_wconf 88' lang='lat' dir='ltr'><strong>et</strong></span> <span class='ocrx_word' id='word_1_215' title='bbox 1336 2202 1373 2270; x_wconf 94' lang='lat' dir='ltr'><strong>ll.</strong></span> <span class='ocrx_word' id='word_1_216' title='bbox 1392 2206 1439 2270; x_wconf 86' lang='lat' dir='ltr'><strong>Si-</strong></span> 
     </span>
    </p>
   </div>
   <div class='ocr_carea' id='block_1_5' title="bbox 85 2291 1440 2378">
    <p class='ocr_par' dir='ltr' id='par_1_7' title="bbox 85 2291 1440 2378">
     <span class='ocr_line' id='line_1_23' title="bbox 85 2291 1440 2378; baseline -0.004 -18"><span class='ocrx_word' id='word_1_217' title='bbox 85 2357 92 2368; x_wconf 76' lang='lat'><strong>,</strong></span> <span class='ocrx_word' id='word_1_218' title='bbox 228 2295 355 2374; x_wconf 84' lang='lat' dir='ltr'><strong>sinnius,</strong></span> <span class='ocrx_word' id='word_1_219' title='bbox 372 2293 596 2369; x_wconf 87' lang='lat' dir='ltr'><strong>Constantinus,</strong></span> <span class='ocrx_word' id='word_1_220' title='bbox 613 2291 750 2370; x_wconf 78' lang='lat' dir='ltr'><strong>Gregorii</strong></span> <span class='ocrx_word' id='word_1_221' title='bbox 769 2292 872 2356; x_wconf 79' lang='lat' dir='ltr'><strong>ll.‘lll.</strong></span> <span class='ocrx_word' id='word_1_222' title='bbox 890 2293 938 2357; x_wconf 81' lang='lat' dir='ltr'><strong>tt.</strong></span> <span class='ocrx_word' id='word_1_223' title='bbox 948 2296 982 2357; x_wconf 91' lang='lat' dir='ltr'><strong>V.</strong></span> <span class='ocrx_word' id='word_1_224' title='bbox 993 2304 1021 2355; x_wconf 80' lang='lat' dir='ltr'><strong>&#39;et</strong></span> <span class='ocrx_word' id='word_1_225' title='bbox 1032 2294 1083 2367; x_wconf 79' lang='lat' dir='ltr'><strong>tx.</strong></span> <span class='ocrx_word' id='word_1_226' title='bbox 1107 2291 1282 2372; x_wconf 70' lang='lat' dir='ltr'><strong>zucharini,</strong></span> <span class='ocrx_word' id='word_1_227' title='bbox 1300 2291 1440 2378; x_wconf 79' lang='lat' dir='ltr'><strong>Stephani</strong></span> 
     </span>
    </p>
   </div>
   <div class='ocr_carea' id='block_1_6' title="bbox 207 2379 1442 3252">
    <p class='ocr_par' dir='ltr' id='par_1_8' title="bbox 207 2379 1442 3252">
     <span class='ocr_line' id='line_1_24' title="bbox 228 2379 1440 2450; baseline -0.005 -1"><span class='ocrx_word' id='word_1_228' title='bbox 228 2386 268 2450; x_wconf 89' lang='lat' dir='ltr'><strong>ll.</strong></span> <span class='ocrx_word' id='word_1_229' title='bbox 293 2382 344 2447; x_wconf 81' lang='grc' dir='ltr'><strong>ΙΙΙ.</strong></span> <span class='ocrx_word' id='word_1_230' title='bbox 369 2383 416 2447; x_wconf 92' lang='lat' dir='ltr'><strong>lV.</strong></span> <span class='ocrx_word' id='word_1_231' title='bbox 434 2381 468 2445; x_wconf 90' lang='lat' dir='ltr'><strong>V.</strong></span> <span class='ocrx_word' id='word_1_232' title='bbox 485 2379 534 2444; x_wconf 90' lang='lat' dir='ltr'><strong>Vl.</strong></span> <span class='ocrx_word' id='word_1_233' title='bbox 552 2379 614 2444; x_wconf 89' lang='lat' dir='ltr'><strong>Vll.</strong></span> <span class='ocrx_word' id='word_1_234' title='bbox 632 2379 707 2442; x_wconf 91' lang='lat' dir='ltr'><strong>Vlll.</strong></span> <span class='ocrx_word' id='word_1_235' title='bbox 732 2387 760 2442; x_wconf 89' lang='lat' dir='ltr'><strong>et</strong></span> <span class='ocrx_word' id='word_1_236' title='bbox 779 2379 830 2444; x_wconf 85' lang='lat' dir='ltr'><strong>tx.</strong></span> <span class='ocrx_word' id='word_1_237' title='bbox 862 2379 958 2443; x_wconf 80' lang='lat' dir='ltr'><strong>Paulli</strong></span> <span class='ocrx_word' id='word_1_238' title='bbox 979 2382 1001 2444; x_wconf 94' lang='lat' dir='ltr'><strong>l.</strong></span> <span class='ocrx_word' id='word_1_239' title='bbox 1019 2381 1057 2446; x_wconf 94' lang='lat' dir='ltr'><strong>ll.</strong></span> <span class='ocrx_word' id='word_1_240' title='bbox 1078 2393 1105 2444; x_wconf 93' lang='lat' dir='ltr'><strong>et</strong></span> <span class='ocrx_word' id='word_1_241' title='bbox 1123 2382 1173 2446; x_wconf 86' lang='grc' dir='ltr'><strong>ΙΙΙ.</strong></span> <span class='ocrx_word' id='word_1_242' title='bbox 1199 2380 1341 2444; x_wconf 80' lang='lat' dir='ltr'><strong>Hadriani</strong></span> <span class='ocrx_word' id='word_1_243' title='bbox 1360 2382 1384 2443; x_wconf 92' lang='lat' dir='ltr'><strong>l.</strong></span> <span class='ocrx_word' id='word_1_244' title='bbox 1406 2382 1440 2444; x_wconf 89' lang='lat' dir='ltr'><strong>ll.</strong></span> 
     </span>
     <span class='ocr_line' id='line_1_25' title="bbox 207 2459 1441 2545; baseline -0.003 -10"><span class='ocrx_word' id='word_1_245' title='bbox 207 2479 211 2488; x_wconf 83' lang='lat'><em>‘</em></span> <span class='ocrx_word' id='word_1_246' title='bbox 229 2473 281 2537; x_wconf 86' lang='grc' dir='ltr'><strong>ΙΙΙ.</strong></span> <span class='ocrx_word' id='word_1_247' title='bbox 299 2482 327 2534; x_wconf 91' lang='lat' dir='ltr'><strong>et</strong></span> <span class='ocrx_word' id='word_1_248' title='bbox 344 2471 391 2535; x_wconf 84' lang='lat' dir='ltr'><strong>tv.</strong></span> <span class='ocrx_word' id='word_1_249' title='bbox 416 2468 580 2545; x_wconf 84' lang='lat' dir='ltr'><strong>Pasehalis,</strong></span> <span class='ocrx_word' id='word_1_250' title='bbox 597 2465 781 2542; x_wconf 84' lang='lat' dir='ltr'><strong>Valentinus,</strong></span> <span class='ocrx_word' id='word_1_251' title='bbox 799 2468 913 2531; x_wconf 85' lang='lat' dir='ltr'><strong>Nicclai</strong></span> <span class='ocrx_word' id='word_1_252' title='bbox 928 2469 951 2531; x_wconf 92' lang='lat' dir='ltr'><strong>l.</strong></span> <span class='ocrx_word' id='word_1_253' title='bbox 968 2469 1005 2532; x_wconf 95' lang='lat' dir='ltr'><strong>ll.</strong></span> <span class='ocrx_word' id='word_1_254' title='bbox 1023 2469 1074 2532; x_wconf 93' lang='lat' dir='ltr'><strong>lll.</strong></span> <span class='ocrx_word' id='word_1_255' title='bbox 1090 2479 1119 2531; x_wconf 85' lang='lat' dir='ltr'><strong>et</strong></span> <span class='ocrx_word' id='word_1_256' title='bbox 1134 2469 1168 2533; x_wconf 87' lang='lat' dir='ltr'><strong>V.</strong></span> <span class='ocrx_word' id='word_1_257' title='bbox 1192 2459 1304 2530; x_wconf 82' lang='lat' dir='ltr'><strong>Marini</strong></span> <span class='ocrx_word' id='word_1_258' title='bbox 1319 2469 1342 2532; x_wconf 90' lang='lat' dir='ltr'><strong>l.</strong></span> <span class='ocrx_word' id='word_1_259' title='bbox 1360 2479 1390 2530; x_wconf 91' lang='lat' dir='ltr'><strong>et</strong></span> <span class='ocrx_word' id='word_1_260' title='bbox 1406 2469 1441 2531; x_wconf 96' lang='lat' dir='ltr'><strong>ll.</strong></span> 
     </span>
     <span class='ocr_line' id='line_1_26' title="bbox 228 2552 1441 2636; baseline -0.004 -14"><span class='ocrx_word' id='word_1_261' title='bbox 228 2561 400 2634; x_wconf 79' lang='lat' dir='ltr'><strong>Borinosns,</strong></span> <span class='ocrx_word' id='word_1_262' title='bbox 419 2557 582 2631; x_wconf 84' lang='lat' dir='ltr'><strong>Romanus,</strong></span> <span class='ocrx_word' id='word_1_263' title='bbox 600 2553 841 2636; x_wconf 72' lang='lat' dir='ltr'><strong>christophorus,</strong></span> <span class='ocrx_word' id='word_1_264' title='bbox 866 2557 1041 2619; x_wconf 82' lang='lat' dir='ltr'><strong>Anastasius</strong></span> <span class='ocrx_word' id='word_1_265' title='bbox 1059 2552 1109 2620; x_wconf 89' lang='lat' dir='ltr'><strong>lll.</strong></span> <span class='ocrx_word' id='word_1_266' title='bbox 1140 2554 1299 2619; x_wconf 87' lang='lat' dir='ltr'><strong>Laudoues</strong></span> <span class='ocrx_word' id='word_1_267' title='bbox 1318 2557 1340 2621; x_wconf 96' lang='lat' dir='ltr'><strong>l.</strong></span> <span class='ocrx_word' id='word_1_268' title='bbox 1360 2567 1391 2618; x_wconf 88' lang='lat' dir='ltr'><strong>et</strong></span> <span class='ocrx_word' id='word_1_269' title='bbox 1406 2557 1441 2618; x_wconf 94' lang='lat' dir='ltr'><strong>ll.</strong></span> 
     </span>
     <span class='ocr_line' id='line_1_27' title="bbox 230 2638 1440 2709; baseline -0.003 -1"><span class='ocrx_word' id='word_1_270' title='bbox 230 2638 340 2709; x_wconf 78' lang='lat' dir='ltr'><strong>Urbani</strong></span> <span class='ocrx_word' id='word_1_271' title='bbox 361 2646 384 2706; x_wconf 91' lang='lat' dir='ltr'><strong>l.</strong></span> <span class='ocrx_word' id='word_1_272' title='bbox 402 2651 431 2704; x_wconf 90' lang='lat' dir='ltr'><strong>et</strong></span> <span class='ocrx_word' id='word_1_273' title='bbox 448 2643 495 2705; x_wconf 91' lang='lat' dir='ltr'><strong>Vl.</strong></span> <span class='ocrx_word' id='word_1_274' title='bbox 524 2641 709 2704; x_wconf 79' lang='lat' dir='ltr'><strong>Caelestinus</strong></span> <span class='ocrx_word' id='word_1_275' title='bbox 732 2643 781 2706; x_wconf 92' lang='lat' dir='ltr'><strong>lV.</strong></span> <span class='ocrx_word' id='word_1_276' title='bbox 814 2643 976 2706; x_wconf 86' lang='lat' dir='ltr'><strong>lunoceutii</strong></span> <span class='ocrx_word' id='word_1_277' title='bbox 997 2643 1058 2709; x_wconf 89' lang='lat' dir='ltr'><strong>Vll.</strong></span> <span class='ocrx_word' id='word_1_278' title='bbox 1078 2653 1106 2706; x_wconf 89' lang='lat' dir='ltr'><strong>ot</strong></span> <span class='ocrx_word' id='word_1_279' title='bbox 1123 2643 1201 2706; x_wconf 92' lang='lat' dir='ltr'><strong>Vlll.</strong></span> <span class='ocrx_word' id='word_1_280' title='bbox 1228 2643 1376 2707; x_wconf 84' lang='lat' dir='ltr'><strong>Callistus</strong></span> <span class='ocrx_word' id='word_1_281' title='bbox 1395 2643 1440 2705; x_wconf 91' lang='grc' dir='ltr'><strong>ΙΙΙ.</strong></span> 
     </span>
     <span class='ocr_line' id='line_1_28' title="bbox 228 2727 1440 2812; baseline -0.003 -17"><span class='ocrx_word' id='word_1_282' title='bbox 228 2733 273 2796; x_wconf 83' lang='grc' dir='ltr'><strong>Ρίἰ</strong></span> <span class='ocrx_word' id='word_1_283' title='bbox 294 2732 317 2796; x_wconf 92' lang='lat' dir='ltr'><strong>l.</strong></span> <span class='ocrx_word' id='word_1_284' title='bbox 337 2732 372 2794; x_wconf 92' lang='lat' dir='ltr'><strong>ll.</strong></span> <span class='ocrx_word' id='word_1_285' title='bbox 392 2729 444 2793; x_wconf 88' lang='lat' dir='ltr'><strong>lll.</strong></span> <span class='ocrx_word' id='word_1_286' title='bbox 462 2738 490 2792; x_wconf 92' lang='lat' dir='ltr'><strong>et</strong></span> <span class='ocrx_word' id='word_1_287' title='bbox 510 2730 556 2793; x_wconf 89' lang='lat' dir='ltr'><strong>lV.</strong></span> <span class='ocrx_word' id='word_1_288' title='bbox 582 2730 693 2812; x_wconf 84' lang='lat' dir='ltr'><strong>Xystus</strong></span> <span class='ocrx_word' id='word_1_289' title='bbox 711 2730 759 2794; x_wconf 90' lang='lat' dir='ltr'><strong>lV.</strong></span> <span class='ocrx_word' id='word_1_290' title='bbox 783 2729 951 2794; x_wconf 79' lang='lat' dir='ltr'><strong>Alexander</strong></span> <span class='ocrx_word' id='word_1_291' title='bbox 967 2731 1016 2796; x_wconf 71' lang='lat' dir='ltr'><strong>vt.</strong></span> <span class='ocrx_word' id='word_1_292' title='bbox 1046 2727 1170 2794; x_wconf 80' lang='lat' dir='ltr'><strong>lulli-ll.</strong></span> <span class='ocrx_word' id='word_1_293' title='bbox 1190 2739 1217 2793; x_wconf 89' lang='lat' dir='ltr'><strong>et</strong></span> <span class='ocrx_word' id='word_1_294' title='bbox 1234 2729 1289 2794; x_wconf 93' lang='lat' dir='ltr'><strong>lll.</strong></span> <span class='ocrx_word' id='word_1_295' title='bbox 1313 2741 1342 2795; x_wconf 84' lang='lat' dir='ltr'><strong>et</strong></span> <span class='ocrx_word' id='word_1_296' title='bbox 1358 2729 1440 2793; x_wconf 82' lang='lat' dir='ltr'><strong>hlau-</strong></span> 
     </span>
     <span class='ocr_line' id='line_1_29' title="bbox 230 2815 1439 2900; baseline -0.003 -18"><span class='ocrx_word' id='word_1_297' title='bbox 230 2819 324 2882; x_wconf 87' lang='lat' dir='ltr'><strong>oellus</strong></span> <span class='ocrx_word' id='word_1_298' title='bbox 344 2817 379 2882; x_wconf 94' lang='lat' dir='ltr'><strong>ll.</strong></span> <span class='ocrx_word' id='word_1_299' title='bbox 414 2817 554 2882; x_wconf 89' lang='lat' dir='ltr'><strong>Laterani</strong></span> <span class='ocrx_word' id='word_1_300' title='bbox 575 2839 642 2880; x_wconf 87' lang='lat' dir='ltr'><strong>rere</strong></span> <span class='ocrx_word' id='word_1_301' title='bbox 667 2815 776 2899; x_wconf 81' lang='lat' dir='ltr'><strong>sepulti</strong></span> <span class='ocrx_word' id='word_1_302' title='bbox 795 2829 864 2881; x_wconf 89' lang='lat' dir='ltr'><strong>sunt</strong></span> <span class='ocrx_word' id='word_1_303' title='bbox 880 2819 1005 2882; x_wconf 83' lang='lat' dir='ltr'><strong>Romani</strong></span> <span class='ocrx_word' id='word_1_304' title='bbox 1025 2818 1177 2900; x_wconf 79' lang='lat' dir='ltr'><strong>pontifices</strong></span> <span class='ocrx_word' id='word_1_305' title='bbox 1195 2818 1259 2880; x_wconf 82' lang='lat' dir='ltr'><strong>Leo</strong></span> <span class='ocrx_word' id='word_1_306' title='bbox 1276 2818 1312 2883; x_wconf 91' lang='lat' dir='ltr'><strong>V.</strong></span> <span class='ocrx_word' id='word_1_307' title='bbox 1342 2819 1439 2900; x_wconf 78' lang='lat' dir='ltr'><strong>Sergii</strong></span> 
     </span>
     <span class='ocr_line' id='line_1_30' title="bbox 228 2905 1440 2988; baseline -0.002 -17"><span class='ocrx_word' id='word_1_308' title='bbox 228 2909 280 2988; x_wconf 69' lang='grc' dir='ltr'><strong>ΙΙΙ.</strong></span> <span class='ocrx_word' id='word_1_309' title='bbox 298 2915 326 2970; x_wconf 86' lang='lat' dir='ltr'><strong>el</strong></span> <span class='ocrx_word' id='word_1_310' title='bbox 342 2905 390 2971; x_wconf 89' lang='lat' dir='ltr'><strong>lV.</strong></span> <span class='ocrx_word' id='word_1_311' title='bbox 411 2905 561 2988; x_wconf 85' lang='lat' dir='ltr'><strong>Sylrester</strong></span> <span class='ocrx_word' id='word_1_312' title='bbox 573 2905 611 2968; x_wconf 94' lang='lat' dir='ltr'><strong>ll.</strong></span> <span class='ocrx_word' id='word_1_313' title='bbox 631 2907 758 2968; x_wconf 84' lang='lat' dir='ltr'><strong>loannes</strong></span> <span class='ocrx_word' id='word_1_314' title='bbox 774 2905 811 2968; x_wconf 86' lang='lat' dir='ltr'><strong>X.</strong></span> <span class='ocrx_word' id='word_1_315' title='bbox 827 2907 877 2968; x_wconf 88' lang='lat' dir='ltr'><strong>Xl.</strong></span> <span class='ocrx_word' id='word_1_316' title='bbox 894 2907 960 2969; x_wconf 86' lang='lat' dir='ltr'><strong>Xll.</strong></span> <span class='ocrx_word' id='word_1_317' title='bbox 972 2916 1001 2976; x_wconf 84' lang='lat' dir='ltr'><strong>et</strong></span> <span class='ocrx_word' id='word_1_318' title='bbox 1013 2907 1117 2971; x_wconf 86' lang='lat' dir='ltr'><strong>XVlll.</strong></span> <span class='ocrx_word' id='word_1_319' title='bbox 1134 2905 1280 2988; x_wconf 69' lang='lat' dir='ltr'><strong>agapitus</strong></span> <span class='ocrx_word' id='word_1_320' title='bbox 1293 2905 1332 2970; x_wconf 89' lang='lat' dir='ltr'><strong>ll.</strong></span> <span class='ocrx_word' id='word_1_321' title='bbox 1350 2907 1440 2969; x_wconf 88' lang='lat' dir='ltr'><strong>Boni-</strong></span> 
     </span>
     <span class='ocr_line' id='line_1_31' title="bbox 227 2992 1440 3058; baseline 0 0"><span class='ocrx_word' id='word_1_322' title='bbox 227 2995 326 3058; x_wconf 85' lang='lat' dir='ltr'><strong>laeius</strong></span> <span class='ocrx_word' id='word_1_323' title='bbox 341 2995 403 3058; x_wconf 89' lang='lat' dir='ltr'><strong>Vll.</strong></span> <span class='ocrx_word' id='word_1_324' title='bbox 423 2993 583 3056; x_wconf 78' lang='lat' dir='ltr'><strong>Alexandri</strong></span> <span class='ocrx_word' id='word_1_325' title='bbox 601 2993 637 3054; x_wconf 94' lang='lat' dir='ltr'><strong>ll.</strong></span> <span class='ocrx_word' id='word_1_326' title='bbox 656 3004 684 3055; x_wconf 90' lang='lat' dir='ltr'><strong>et</strong></span> <span class='ocrx_word' id='word_1_327' title='bbox 700 2993 750 3056; x_wconf 94' lang='lat' dir='ltr'><strong>lll.</strong></span> <span class='ocrx_word' id='word_1_328' title='bbox 775 2992 931 3056; x_wconf 86' lang='lat' dir='ltr'><strong>Paschalis</strong></span> <span class='ocrx_word' id='word_1_329' title='bbox 948 2994 987 3058; x_wconf 90' lang='grc' dir='ltr'><strong>ΙΙ.</strong></span> <span class='ocrx_word' id='word_1_330' title='bbox 1011 2993 1155 3058; x_wconf 88' lang='lat' dir='ltr'><strong>Callistus</strong></span> <span class='ocrx_word' id='word_1_331' title='bbox 1172 2993 1212 3058; x_wconf 88' lang='lat' dir='ltr'><strong>ll.</strong></span> <span class='ocrx_word' id='word_1_332' title='bbox 1233 2993 1390 3057; x_wconf 83' lang='lat' dir='ltr'><strong>Honorius</strong></span> <span class='ocrx_word' id='word_1_333' title='bbox 1406 2995 1440 3058; x_wconf 91' lang='lat' dir='ltr'><strong>ll.</strong></span> 
     </span>
     <span class='ocr_line' id='line_1_32' title="bbox 228 3075 1440 3146; baseline -0.001 -1"><span class='ocrx_word' id='word_1_334' title='bbox 228 3082 390 3146; x_wconf 86' lang='lat' dir='ltr'><strong>iunocentii</strong></span> <span class='ocrx_word' id='word_1_335' title='bbox 408 3081 444 3145; x_wconf 93' lang='lat' dir='ltr'><strong>ll.</strong></span> <span class='ocrx_word' id='word_1_336' title='bbox 462 3081 539 3145; x_wconf 75' lang='lat' dir='ltr'><strong>ct&#39;V.</strong></span> <span class='ocrx_word' id='word_1_337' title='bbox 564 3077 725 3143; x_wconf 82' lang='lat' dir='ltr'><strong>Caelestini</strong></span> <span class='ocrx_word' id='word_1_338' title='bbox 742 3079 780 3142; x_wconf 95' lang='lat' dir='ltr'><strong>ll.</strong></span> <span class='ocrx_word' id='word_1_339' title='bbox 797 3091 825 3144; x_wconf 86' lang='lat' dir='ltr'><strong>et</strong></span> <span class='ocrx_word' id='word_1_340' title='bbox 842 3081 894 3144; x_wconf 88' lang='lat' dir='ltr'><strong>lll.</strong></span> <span class='ocrx_word' id='word_1_341' title='bbox 917 3082 1030 3144; x_wconf 86' lang='lat' dir='ltr'><strong>Lucius</strong></span> <span class='ocrx_word' id='word_1_342' title='bbox 1047 3082 1083 3144; x_wconf 91' lang='lat' dir='ltr'><strong>ll.</strong></span> <span class='ocrx_word' id='word_1_343' title='bbox 1103 3080 1280 3144; x_wconf 77' lang='lat' dir='ltr'><strong>Anastasius</strong></span> <span class='ocrx_word' id='word_1_344' title='bbox 1297 3075 1348 3146; x_wconf 76' lang='lat' dir='ltr'><strong>tt.</strong></span> <span class='ocrx_word' id='word_1_345' title='bbox 1372 3081 1440 3144; x_wconf 89' lang='lat' dir='ltr'><strong>Cle-</strong></span> 
     </span>
     <span class='ocr_line' id='line_1_33' title="bbox 229 3167 1442 3252; baseline -0.002 -17"><span class='ocrx_word' id='word_1_346' title='bbox 229 3193 310 3235; x_wconf 88' lang='lat' dir='ltr'><strong>meos</strong></span> <span class='ocrx_word' id='word_1_347' title='bbox 327 3169 377 3232; x_wconf 83' lang='grc' dir='ltr'><strong>ΙΙΙ.</strong></span> <span class='ocrx_word' id='word_1_348' title='bbox 398 3179 425 3230; x_wconf 93' lang='lat' dir='ltr'><strong>et</strong></span> <span class='ocrx_word' id='word_1_349' title='bbox 449 3169 597 3230; x_wconf 84' lang='lat' dir='ltr'><strong>Martinus</strong></span> <span class='ocrx_word' id='word_1_350' title='bbox 614 3168 648 3232; x_wconf 89' lang='lat' dir='ltr'><strong>V.</strong></span> <span class='ocrx_word' id='word_1_351' title='bbox 667 3203 709 3212; x_wconf 87' lang='lat'><strong>—-</strong></span> <span class='ocrx_word' id='word_1_352' title='bbox 733 3169 777 3229; x_wconf 81' lang='lat' dir='ltr'><strong>aa</strong></span> <span class='ocrx_word' id='word_1_353' title='bbox 800 3179 932 3232; x_wconf 87' lang='lat' dir='ltr'><strong>sanetum</strong></span> <span class='ocrx_word' id='word_1_354' title='bbox 948 3171 1073 3234; x_wconf 88' lang='lat' dir='ltr'><strong>Paulum</strong></span> <span class='ocrx_word' id='word_1_355' title='bbox 1093 3169 1280 3252; x_wconf 80' lang='lat' dir='ltr'><strong>requiescunt</strong></span> <span class='ocrx_word' id='word_1_356' title='bbox 1296 3167 1388 3232; x_wconf 82' lang='lat' dir='ltr'><strong>Felix</strong></span> <span class='ocrx_word' id='word_1_357' title='bbox 1405 3169 1442 3233; x_wconf 92' lang='lat' dir='ltr'><strong>ll.</strong></span> 
     </span>
    </p>
   </div>
   <div class='ocr_carea' id='block_1_7' title="bbox 91 3255 1442 3338">
    <p class='ocr_par' dir='ltr' id='par_1_9' title="bbox 91 3255 1442 3338">
     <span class='ocr_line' id='line_1_34' title="bbox 91 3255 1442 3338; baseline -0.004 -14"><span class='ocrx_word' id='word_1_358' title='bbox 91 3273 93 3278; x_wconf 80' lang='grc'>’</span> <span class='ocrx_word' id='word_1_359' title='bbox 227 3270 256 3323; x_wconf 89' lang='lat' dir='ltr'><strong>et</strong></span> <span class='ocrx_word' id='word_1_360' title='bbox 271 3261 400 3323; x_wconf 84' lang='lat' dir='ltr'><strong>loannes</strong></span> <span class='ocrx_word' id='word_1_361' title='bbox 416 3255 497 3318; x_wconf 84' lang='lat' dir='ltr'><strong>Xlll.</strong></span> <span class='ocrx_word' id='word_1_362' title='bbox 516 3291 560 3302; x_wconf 88' lang='lat'><strong>--</strong></span> <span class='ocrx_word' id='word_1_363' title='bbox 584 3255 629 3317; x_wconf 80' lang='lat' dir='ltr'><strong>Ad</strong></span> <span class='ocrx_word' id='word_1_364' title='bbox 645 3265 776 3318; x_wconf 83' lang='lat' dir='ltr'><strong>sanctam</strong></span> <span class='ocrx_word' id='word_1_365' title='bbox 795 3257 919 3320; x_wconf 85' lang='lat' dir='ltr'><strong>Mariam</strong></span> <span class='ocrx_word' id='word_1_366' title='bbox 943 3259 1081 3338; x_wconf 83' lang='lat' dir='ltr'><strong>majorem</strong></span> <span class='ocrx_word' id='word_1_367' title='bbox 1100 3257 1209 3320; x_wconf 87' lang='lat' dir='ltr'><strong>conditi</strong></span> <span class='ocrx_word' id='word_1_368' title='bbox 1227 3261 1298 3319; x_wconf 85' lang='lat' dir='ltr'><strong>sunt</strong></span> <span class='ocrx_word' id='word_1_369' title='bbox 1313 3258 1442 3321; x_wconf 84' lang='lat' dir='ltr'><strong>Benedi-</strong></span> 
     </span>
    </p>
   </div>
   <div class='ocr_carea' id='block_1_8' title="bbox 226 3341 1442 4576">
    <p class='ocr_par' dir='ltr' id='par_1_10' title="bbox 226 3341 1442 4576">
     <span class='ocr_line' id='line_1_35' title="bbox 228 3341 1441 3426; baseline -0.003 -16"><span class='ocrx_word' id='word_1_370' title='bbox 228 3358 293 3410; x_wconf 90' lang='lat' dir='ltr'><strong>ctus</strong></span> <span class='ocrx_word' id='word_1_371' title='bbox 310 3344 347 3408; x_wconf 84' lang='lat' dir='ltr'><strong>X.</strong></span> <span class='ocrx_word' id='word_1_372' title='bbox 379 3342 530 3406; x_wconf 86' lang='lat' dir='ltr'><strong>Honorius</strong></span> <span class='ocrx_word' id='word_1_373' title='bbox 550 3341 602 3407; x_wconf 90' lang='lat' dir='ltr'><strong>lll.</strong></span> <span class='ocrx_word' id='word_1_374' title='bbox 626 3362 718 3426; x_wconf 88' lang='lat' dir='ltr'><strong>prope</strong></span> <span class='ocrx_word' id='word_1_375' title='bbox 740 3361 885 3426; x_wconf 87' lang='lat' dir='ltr'><strong>praesepe</strong></span> <span class='ocrx_word' id='word_1_376' title='bbox 909 3353 938 3408; x_wconf 90' lang='lat' dir='ltr'><strong>et</strong></span> <span class='ocrx_word' id='word_1_377' title='bbox 959 3345 1102 3410; x_wconf 78' lang='lat' dir='ltr'><strong>Nicolaus</strong></span> <span class='ocrx_word' id='word_1_378' title='bbox 1127 3345 1176 3410; x_wconf 86' lang='lat' dir='ltr'><strong>tv.</strong></span> <span class='ocrx_word' id='word_1_379' title='bbox 1206 3357 1311 3426; x_wconf 84' lang='lat' dir='ltr'><strong>papae.</strong></span> <span class='ocrx_word' id='word_1_380' title='bbox 1332 3380 1374 3393; x_wconf 92' lang='grc'>-</span> <span class='ocrx_word' id='word_1_381' title='bbox 1399 3345 1441 3407; x_wconf 79' lang='lat' dir='ltr'><strong>hd</strong></span> 
     </span>
     <span class='ocr_line' id='line_1_36' title="bbox 227 3429 1442 3514; baseline -0.005 -16"><span class='ocrx_word' id='word_1_382' title='bbox 227 3444 361 3498; x_wconf 88' lang='lat' dir='ltr'><strong>sanetum</strong></span> <span class='ocrx_word' id='word_1_383' title='bbox 378 3430 568 3494; x_wconf 82' lang='lat' dir='ltr'><strong>Laurentium</strong></span> <span class='ocrx_word' id='word_1_384' title='bbox 586 3443 668 3495; x_wconf 84' lang='lat' dir='ltr'><strong>extra</strong></span> <span class='ocrx_word' id='word_1_385' title='bbox 685 3451 784 3494; x_wconf 87' lang='lat' dir='ltr'><strong>mares</strong></span> <span class='ocrx_word' id='word_1_386' title='bbox 802 3431 927 3514; x_wconf 85' lang='lat' dir='ltr'><strong>quiescit</strong></span> <span class='ocrx_word' id='word_1_387' title='bbox 944 3433 1092 3498; x_wconf 87' lang='lat' dir='ltr'><strong>Damasus</strong></span> <span class='ocrx_word' id='word_1_388' title='bbox 1109 3429 1148 3495; x_wconf 91' lang='lat' dir='ltr'><strong>ll.</strong></span> <span class='ocrx_word' id='word_1_389' title='bbox 1182 3432 1216 3494; x_wconf 90' lang='lat' dir='ltr'><strong>ln</strong></span> <span class='ocrx_word' id='word_1_390' title='bbox 1232 3431 1359 3496; x_wconf 84' lang='lat' dir='ltr'><strong>basilica</strong></span> <span class='ocrx_word' id='word_1_391' title='bbox 1373 3449 1442 3496; x_wconf 84' lang='lat' dir='ltr'><strong>aero</strong></span> 
     </span>
     <span class='ocr_line' id='line_1_37' title="bbox 228 3518 1442 3605; baseline -0.005 -17"><span class='ocrx_word' id='word_1_392' title='bbox 228 3519 438 3588; x_wconf 73' lang='lat' dir='ltr'><strong>Seleucenis</strong></span> <span class='ocrx_word' id='word_1_393' title='bbox 458 3537 565 3599; x_wconf 89' lang='lat' dir='ltr'><strong>corpus</strong></span> <span class='ocrx_word' id='word_1_394' title='bbox 582 3518 664 3603; x_wconf 87' lang='lat' dir='ltr'><strong>ejas,</strong></span> <span class='ocrx_word' id='word_1_395' title='bbox 687 3519 930 3599; x_wconf 82' lang='lat' dir='ltr'><strong>octingentesimo</strong></span> <span class='ocrx_word' id='word_1_396' title='bbox 948 3531 1014 3603; x_wconf 88' lang='lat' dir='ltr'><strong>post</strong></span> <span class='ocrx_word' id='word_1_397' title='bbox 1036 3522 1101 3605; x_wconf 86' lang='lat' dir='ltr'><strong>ejus</strong></span> <span class='ocrx_word' id='word_1_398' title='bbox 1118 3530 1236 3584; x_wconf 87' lang='lat' dir='ltr'><strong>mortem</strong></span> <span class='ocrx_word' id='word_1_399' title='bbox 1255 3539 1333 3583; x_wconf 88' lang='lat' dir='ltr'><strong>anno</strong></span> <span class='ocrx_word' id='word_1_400' title='bbox 1352 3537 1372 3584; x_wconf 87' lang='lat' dir='ltr'><strong>a</strong></span> <span class='ocrx_word' id='word_1_401' title='bbox 1388 3521 1442 3584; x_wconf 87' lang='lat' dir='ltr'><strong>Ni·</strong></span> 
     </span>
     <span class='ocr_line' id='line_1_38' title="bbox 227 3606 1441 3692; baseline -0.004 -17"><span class='ocrx_word' id='word_1_402' title='bbox 227 3609 311 3675; x_wconf 90' lang='lat' dir='ltr'><strong>eolao</strong></span> <span class='ocrx_word' id='word_1_403' title='bbox 328 3629 404 3692; x_wconf 88' lang='lat' dir='ltr'><strong>papa</strong></span> <span class='ocrx_word' id='word_1_404' title='bbox 421 3629 458 3670; x_wconf 87' lang='lat' dir='ltr'><strong>ex</strong></span> <span class='ocrx_word' id='word_1_405' title='bbox 476 3607 601 3670; x_wconf 84' lang='lat' dir='ltr'><strong>Graecia</strong></span> <span class='ocrx_word' id='word_1_406' title='bbox 617 3607 799 3684; x_wconf 82' lang='lat' dir='ltr'><strong>translaturo,</strong></span> <span class='ocrx_word' id='word_1_407' title='bbox 820 3608 965 3670; x_wconf 86' lang='lat' dir='ltr'><strong>eonditum</strong></span> <span class='ocrx_word' id='word_1_408' title='bbox 983 3619 1037 3672; x_wconf 87' lang='lat' dir='ltr'><strong>est.</strong></span> <span class='ocrx_word' id='word_1_409' title='bbox 1053 3643 1095 3657; x_wconf 93' lang='lat'><strong>-·</strong></span> <span class='ocrx_word' id='word_1_410' title='bbox 1114 3606 1159 3671; x_wconf 80' lang='lat' dir='ltr'><strong>Ad</strong></span> <span class='ocrx_word' id='word_1_411' title='bbox 1176 3619 1307 3672; x_wconf 89' lang='lat' dir='ltr'><strong>sanctam</strong></span> <span class='ocrx_word' id='word_1_412' title='bbox 1324 3627 1441 3672; x_wconf 87' lang='lat' dir='ltr'><strong>crucem</strong></span> 
     </span>
     <span class='ocr_line' id='line_1_39' title="bbox 226 3693 1440 3777; baseline -0.006 -14"><span class='ocrx_word' id='word_1_413' title='bbox 226 3699 256 3763; x_wconf 92' lang='lat' dir='ltr'><strong>ln</strong></span> <span class='ocrx_word' id='word_1_414' title='bbox 276 3694 464 3764; x_wconf 82' lang='lat' dir='ltr'><strong>Hierusalem</strong></span> <span class='ocrx_word' id='word_1_415' title='bbox 489 3695 623 3777; x_wconf 90' lang='lat' dir='ltr'><strong>sepultus</strong></span> <span class='ocrx_word' id='word_1_416' title='bbox 648 3704 691 3757; x_wconf 89' lang='lat' dir='ltr'><strong>est</strong></span> <span class='ocrx_word' id='word_1_417' title='bbox 709 3695 887 3759; x_wconf 81' lang='lat' dir='ltr'><strong>Benedictus</strong></span> <span class='ocrx_word' id='word_1_418' title='bbox 904 3693 967 3760; x_wconf 87' lang='lat' dir='ltr'><strong>Vll.</strong></span> <span class='ocrx_word' id='word_1_419' title='bbox 988 3733 1024 3746; x_wconf 92' lang='lat'><em>-</em></span> <span class='ocrx_word' id='word_1_420' title='bbox 1047 3696 1091 3759; x_wconf 82' lang='lat' dir='ltr'><strong>dd</strong></span> <span class='ocrx_word' id='word_1_421' title='bbox 1111 3701 1242 3758; x_wconf 88' lang='lat' dir='ltr'><strong>&#39;sanctam</strong></span> <span class='ocrx_word' id='word_1_422' title='bbox 1259 3697 1394 3760; x_wconf 84' lang='lat' dir='ltr'><strong>Sahharu</strong></span> <span class='ocrx_word' id='word_1_423' title='bbox 1413 3697 1440 3757; x_wconf 92' lang='lat' dir='ltr'><strong>iu</strong></span> 
     </span>
     <span class='ocr_line' id='line_1_40' title="bbox 227 3781 1441 3851; baseline -0.003 -1"><span class='ocrx_word' id='word_1_424' title='bbox 227 3787 302 3851; x_wconf 89' lang='lat' dir='ltr'><strong>aella</strong></span> <span class='ocrx_word' id='word_1_425' title='bbox 319 3805 396 3849; x_wconf 85' lang='lat' dir='ltr'><strong>nura</strong></span> <span class='ocrx_word' id='word_1_426' title='bbox 410 3786 538 3848; x_wconf 83' lang='lat' dir='ltr'><strong>loannes</strong></span> <span class='ocrx_word' id='word_1_427' title='bbox 557 3781 649 3846; x_wconf 87' lang='lat' dir='ltr'><strong>XVll.</strong></span> <span class='ocrx_word' id='word_1_428' title='bbox 674 3803 718 3830; x_wconf 89' lang='lat'><strong>-·</strong></span> <span class='ocrx_word' id='word_1_429' title='bbox 739 3783 783 3845; x_wconf 79' lang='lat' dir='ltr'><strong>Ad</strong></span> <span class='ocrx_word' id='word_1_430' title='bbox 800 3793 931 3847; x_wconf 88' lang='lat' dir='ltr'><strong>sanctam</strong></span> <span class='ocrx_word' id='word_1_431' title='bbox 951 3785 1110 3848; x_wconf 85' lang='lat' dir='ltr'><strong>Urbianalu</strong></span> <span class='ocrx_word' id='word_1_432' title='bbox 1126 3783 1304 3848; x_wconf 85' lang='lat' dir='ltr'><strong>Benedictus</strong></span> <span class='ocrx_word' id='word_1_433' title='bbox 1321 3782 1378 3846; x_wconf 87' lang='lat' dir='ltr'><strong>lX.</strong></span> <span class='ocrx_word' id='word_1_434' title='bbox 1402 3819 1441 3832; x_wconf 89' lang='lat'><strong>-·</strong></span> 
     </span>
     <span class='ocr_line' id='line_1_41' title="bbox 226 3867 1442 3952; baseline -0.002 -15"><span class='ocrx_word' id='word_1_435' title='bbox 226 3874 271 3937; x_wconf 80' lang='lat' dir='ltr'><strong>Ad</strong></span> <span class='ocrx_word' id='word_1_436' title='bbox 296 3884 425 3937; x_wconf 84' lang='lat' dir='ltr'><strong>ranetam</strong></span> <span class='ocrx_word' id='word_1_437' title='bbox 444 3872 570 3935; x_wconf 88' lang='lat' dir='ltr'><strong>Mariam</strong></span> <span class='ocrx_word' id='word_1_438' title='bbox 593 3891 696 3933; x_wconf 82' lang='lat' dir='ltr'><strong>noram</strong></span> <span class='ocrx_word' id='word_1_439' title='bbox 715 3871 879 3952; x_wconf 79' lang='lat' dir='ltr'><strong>Gregorius</strong></span> <span class='ocrx_word' id='word_1_440' title='bbox 894 3867 946 3934; x_wconf 82' lang='lat' dir='ltr'><strong>Xl.</strong></span> <span class='ocrx_word' id='word_1_441' title='bbox 965 3889 1008 3918; x_wconf 85' lang='lat'><strong>·-</strong></span> <span class='ocrx_word' id='word_1_442' title='bbox 1036 3873 1079 3936; x_wconf 85' lang='lat' dir='ltr'><strong>hd</strong></span> <span class='ocrx_word' id='word_1_443' title='bbox 1104 3888 1235 3936; x_wconf 86' lang='lat' dir='ltr'><strong>sanctam</strong></span> <span class='ocrx_word' id='word_1_444' title='bbox 1254 3867 1385 3935; x_wconf 81' lang='lat' dir='ltr'><strong>hlariaru</strong></span> <span class='ocrx_word' id='word_1_445' title='bbox 1408 3875 1442 3934; x_wconf 90' lang='lat' dir='ltr'><strong>de</strong></span> 
     </span>
     <span class='ocr_line' id='line_1_42' title="bbox 227 3956 1441 4025; baseline -0.002 -2"><span class='ocrx_word' id='word_1_446' title='bbox 227 3959 362 4024; x_wconf 79' lang='lat' dir='ltr'><strong>Minerva</strong></span> <span class='ocrx_word' id='word_1_447' title='bbox 379 3962 441 4022; x_wconf 89' lang='lat' dir='ltr'><strong>Leo</strong></span> <span class='ocrx_word' id='word_1_448' title='bbox 457 3959 495 4025; x_wconf 87' lang='lat' dir='ltr'><strong>X.</strong></span> <span class='ocrx_word' id='word_1_449' title='bbox 513 3957 652 4024; x_wconf 84' lang='lat' dir='ltr'><strong>Clemens</strong></span> <span class='ocrx_word' id='word_1_450' title='bbox 666 3956 728 4024; x_wconf 91' lang='lat' dir='ltr'><strong>Vll.</strong></span> <span class='ocrx_word' id='word_1_451' title='bbox 745 3969 773 4021; x_wconf 87' lang='lat' dir='ltr'><strong>et</strong></span> <span class='ocrx_word' id='word_1_452' title='bbox 788 3957 901 4022; x_wconf 90' lang='lat' dir='ltr'><strong>Paulus</strong></span> <span class='ocrx_word' id='word_1_453' title='bbox 920 3959 966 4025; x_wconf 88' lang='lat' dir='ltr'><strong>tv.</strong></span> <span class='ocrx_word' id='word_1_454' title='bbox 986 3981 1023 4010; x_wconf 57' lang='lat'><strong>⁴-</strong></span> <span class='ocrx_word' id='word_1_455' title='bbox 1047 3962 1090 4024; x_wconf 85' lang='lat' dir='ltr'><strong>dd</strong></span> <span class='ocrx_word' id='word_1_456' title='bbox 1110 3971 1241 4024; x_wconf 88' lang='lat' dir='ltr'><strong>sanctam</strong></span> <span class='ocrx_word' id='word_1_457' title='bbox 1258 3958 1390 4022; x_wconf 83' lang='lat' dir='ltr'><strong>Mariam</strong></span> <span class='ocrx_word' id='word_1_458' title='bbox 1408 3961 1441 4022; x_wconf 91' lang='lat' dir='ltr'><strong>de</strong></span> 
     </span>
     <span class='ocr_line' id='line_1_43' title="bbox 228 4045 1441 4112; baseline 0 -2"><span class='ocrx_word' id='word_1_459' title='bbox 228 4047 325 4110; x_wconf 88' lang='lat' dir='ltr'><strong>anima</strong></span> <span class='ocrx_word' id='word_1_460' title='bbox 348 4047 516 4110; x_wconf 72' lang='lat' dir='ltr'><strong>Bactrianus</strong></span> <span class='ocrx_word' id='word_1_461' title='bbox 539 4046 589 4112; x_wconf 90' lang='lat' dir='ltr'><strong>Vl.</strong></span> <span class='ocrx_word' id='word_1_462' title='bbox 634 4047 726 4109; x_wconf 84' lang='lat' dir='ltr'><strong>Extra</strong></span> <span class='ocrx_word' id='word_1_463' title='bbox 753 4049 854 4110; x_wconf 86' lang='lat' dir='ltr'><strong>urheur</strong></span> <span class='ocrx_word' id='word_1_464' title='bbox 881 4066 948 4110; x_wconf 82' lang='lat' dir='ltr'><strong>aero</strong></span> <span class='ocrx_word' id='word_1_465' title='bbox 975 4048 1082 4112; x_wconf 88' lang='lat' dir='ltr'><strong>conditi</strong></span> <span class='ocrx_word' id='word_1_466' title='bbox 1107 4059 1177 4112; x_wconf 91' lang='lat' dir='ltr'><strong>sunt</strong></span> <span class='ocrx_word' id='word_1_467' title='bbox 1201 4048 1385 4111; x_wconf 85' lang='lat' dir='ltr'><strong>Benedictus</strong></span> <span class='ocrx_word' id='word_1_468' title='bbox 1408 4045 1441 4112; x_wconf 88' lang='lat' dir='ltr'><strong>V.</strong></span> 
     </span>
     <span class='ocr_line' id='line_1_44' title="bbox 227 4133 1439 4217; baseline -0.001 -18"><span class='ocrx_word' id='word_1_469' title='bbox 227 4133 365 4216; x_wconf 86' lang='lat' dir='ltr'><strong>antipapa</strong></span> <span class='ocrx_word' id='word_1_470' title='bbox 381 4135 546 4216; x_wconf 77' lang='lat' dir='ltr'><strong>Hamhurgi</strong></span> <span class='ocrx_word' id='word_1_471' title='bbox 565 4134 595 4196; x_wconf 93' lang='lat' dir='ltr'><strong>in</strong></span> <span class='ocrx_word' id='word_1_472' title='bbox 613 4133 757 4200; x_wconf 84' lang='lat' dir='ltr'><strong>Saxonis.</strong></span> <span class='ocrx_word' id='word_1_473' title='bbox 776 4171 818 4183; x_wconf 91' lang='lat'>-</span> <span class='ocrx_word' id='word_1_474' title='bbox 842 4135 1009 4217; x_wconf 77' lang='lat' dir='ltr'><strong>Gregorius</strong></span> <span class='ocrx_word' id='word_1_475' title='bbox 1027 4137 1075 4200; x_wconf 94' lang='lat' dir='ltr'><strong>Vl.</strong></span> <span class='ocrx_word' id='word_1_476' title='bbox 1099 4147 1127 4200; x_wconf 91' lang='lat' dir='ltr'><strong>et</strong></span> <span class='ocrx_word' id='word_1_477' title='bbox 1146 4135 1287 4200; x_wconf 86' lang='lat' dir='ltr'><strong>Gelasius</strong></span> <span class='ocrx_word' id='word_1_478' title='bbox 1305 4135 1344 4198; x_wconf 93' lang='lat' dir='ltr'><strong>ll.</strong></span> <span class='ocrx_word' id='word_1_479' title='bbox 1366 4135 1439 4199; x_wconf 84' lang='lat' dir='ltr'><strong>cto-</strong></span> 
     </span>
     <span class='ocr_line' id='line_1_45' title="bbox 227 4219 1440 4304; baseline 0.001 -20"><span class='ocrx_word' id='word_1_480' title='bbox 227 4221 304 4284; x_wconf 89' lang='lat' dir='ltr'><strong>oiaei</strong></span> <span class='ocrx_word' id='word_1_481' title='bbox 327 4223 357 4282; x_wconf 92' lang='lat' dir='ltr'><strong>in</strong></span> <span class='ocrx_word' id='word_1_482' title='bbox 375 4221 481 4285; x_wconf 90' lang='lat' dir='ltr'><strong>Gallis.</strong></span> <span class='ocrx_word' id='word_1_483' title='bbox 505 4257 548 4270; x_wconf 87' lang='lat'><strong>--</strong></span> <span class='ocrx_word' id='word_1_484' title='bbox 566 4219 704 4286; x_wconf 83' lang='lat' dir='ltr'><strong>Clemens</strong></span> <span class='ocrx_word' id='word_1_485' title='bbox 721 4223 760 4288; x_wconf 90' lang='lat' dir='ltr'><strong>ll.</strong></span> <span class='ocrx_word' id='word_1_486' title='bbox 779 4223 961 4304; x_wconf 77' lang='lat' dir='ltr'><strong>Bamhergae</strong></span> <span class='ocrx_word' id='word_1_487' title='bbox 983 4224 1013 4285; x_wconf 89' lang='lat' dir='ltr'><strong>in</strong></span> <span class='ocrx_word' id='word_1_488' title='bbox 1033 4223 1202 4288; x_wconf 87' lang='lat' dir='ltr'><strong>Germania.</strong></span> <span class='ocrx_word' id='word_1_489' title='bbox 1219 4239 1262 4270; x_wconf 85' lang='lat'><strong>·-&#39;</strong></span> <span class='ocrx_word' id='word_1_490' title='bbox 1283 4219 1391 4288; x_wconf 89' lang='lat' dir='ltr'><strong>Viotor</strong></span> <span class='ocrx_word' id='word_1_491' title='bbox 1407 4223 1440 4286; x_wconf 92' lang='lat' dir='ltr'><strong>ll.</strong></span> 
     </span>
     <span class='ocr_line' id='line_1_46' title="bbox 227 4302 1439 4394; baseline -0.002 -20"><span class='ocrx_word' id='word_1_492' title='bbox 227 4310 396 4392; x_wconf 84' lang='lat' dir='ltr'><strong>Stephanus</strong></span> <span class='ocrx_word' id='word_1_493' title='bbox 413 4307 464 4370; x_wconf 84' lang='lat' dir='ltr'><strong>tx.</strong></span> <span class='ocrx_word' id='word_1_494' title='bbox 488 4317 516 4370; x_wconf 91' lang='lat' dir='ltr'><strong>et</strong></span> <span class='ocrx_word' id='word_1_495' title='bbox 530 4308 658 4373; x_wconf 83' lang='lat' dir='ltr'><strong>loannes</strong></span> <span class='ocrx_word' id='word_1_496' title='bbox 677 4313 821 4394; x_wconf 79' lang='lat' dir='ltr'><strong>quondam</strong></span> <span class='ocrx_word' id='word_1_497' title='bbox 846 4331 923 4392; x_wconf 86' lang='lat' dir='ltr'><strong>papa</strong></span> <span class='ocrx_word' id='word_1_498' title='bbox 938 4302 1036 4374; x_wconf 79' lang='lat' dir='ltr'><strong>xnttl</strong></span> <span class='ocrx_word' id='word_1_499' title='bbox 1053 4310 1233 4376; x_wconf 83' lang='lat' dir='ltr'><strong>Florentino.</strong></span> <span class='ocrx_word' id='word_1_500' title='bbox 1253 4327 1292 4359; x_wconf 88' lang='grc'><strong><em>··-’-</em></strong></span> <span class='ocrx_word' id='word_1_501' title='bbox 1319 4311 1439 4390; x_wconf 75' lang='lat' dir='ltr'><strong>Grego-</strong></span> 
     </span>
     <span class='ocr_line' id='line_1_47' title="bbox 226 4394 1440 4482; baseline 0.003 -22"><span class='ocrx_word' id='word_1_502' title='bbox 226 4397 290 4460; x_wconf 88' lang='lat' dir='ltr'><strong>rius</strong></span> <span class='ocrx_word' id='word_1_503' title='bbox 308 4395 370 4462; x_wconf 89' lang='lat' dir='ltr'><strong>Vll.</strong></span> <span class='ocrx_word' id='word_1_504' title='bbox 387 4394 514 4457; x_wconf 82' lang='lat' dir='ltr'><strong>Salerni.</strong></span> <span class='ocrx_word' id='word_1_505' title='bbox 530 4415 574 4442; x_wconf 82' lang='grc'><strong>-’-</strong></span> <span class='ocrx_word' id='word_1_506' title='bbox 595 4398 694 4461; x_wconf 87' lang='lat' dir='ltr'><strong>Victor</strong></span> <span class='ocrx_word' id='word_1_507' title='bbox 709 4397 761 4462; x_wconf 93' lang='lat' dir='ltr'><strong>lll.</strong></span> <span class='ocrx_word' id='word_1_508' title='bbox 779 4398 907 4463; x_wconf 85' lang='lat' dir='ltr'><strong>Cossini.</strong></span> <span class='ocrx_word' id='word_1_509' title='bbox 925 4417 969 4448; x_wconf 49' lang='grc' dir='ltr'><strong>-ὲ</strong></span> <span class='ocrx_word' id='word_1_510' title='bbox 987 4395 1125 4463; x_wconf 86' lang='lat' dir='ltr'><strong>Clemens</strong></span> <span class='ocrx_word' id='word_1_511' title='bbox 1143 4398 1195 4464; x_wconf 94' lang='lat' dir='ltr'><strong>lll.</strong></span> <span class='ocrx_word' id='word_1_512' title='bbox 1211 4398 1362 4482; x_wconf 86' lang='lat' dir='ltr'><strong>antipapa,</strong></span> <span class='ocrx_word' id='word_1_513' title='bbox 1380 4397 1440 4464; x_wconf 74' lang='lat' dir='ltr'><strong>aa·</strong></span> 
     </span>
     <span class='ocr_line' id='line_1_48' title="bbox 226 4478 1439 4576; baseline -0.001 -23"><span class='ocrx_word' id='word_1_514' title='bbox 226 4502 351 4553; x_wconf 83' lang='lat' dir='ltr'><strong>aeonae.</strong></span> <span class='ocrx_word' id='word_1_515' title='bbox 369 4480 544 4548; x_wconf 50' lang='lat' dir='ltr'><strong>*suctos</strong></span> <span class='ocrx_word' id='word_1_516' title='bbox 561 4478 613 4550; x_wconf 83' lang='grc' dir='ltr'><strong>ΙΙΙ.</strong></span> <span class='ocrx_word' id='word_1_517' title='bbox 629 4482 771 4551; x_wconf 84' lang='lat' dir='ltr'><strong>Veronae.</strong></span> <span class='ocrx_word' id='word_1_518' title='bbox 790 4521 832 4538; x_wconf 90' lang='lat'>-</span> <span class='ocrx_word' id='word_1_519' title='bbox 849 4487 987 4556; x_wconf 86' lang='lat' dir='ltr'><strong>Urbanos</strong></span> <span class='ocrx_word' id='word_1_520' title='bbox 1002 4485 1054 4555; x_wconf 91' lang='lat' dir='ltr'><strong>lll.</strong></span> <span class='ocrx_word' id='word_1_521' title='bbox 1071 4487 1239 4558; x_wconf 72' lang='lat' dir='ltr'><strong>denariae.</strong></span> <span class='ocrx_word' id='word_1_522' title='bbox 1255 4521 1299 4537; x_wconf 90' lang='lat'><em>-</em></span> <span class='ocrx_word' id='word_1_523' title='bbox 1317 4485 1439 4576; x_wconf 72' lang='lat' dir='ltr'><strong>Grego·</strong></span> 
     </span>
    </p>
   </div>
   <div class='ocr_carea' id='block_1_9' title="bbox 0 0 1476 4890">
    <p class='ocr_par' dir='ltr' id='par_1_11' title="bbox 0 0 1476 4890">
     <span class='ocr_line' id='line_1_49' title="bbox 0 0 1476 4890; baseline 0 0"><span class='ocrx_word' id='word_1_524' title='bbox 0 0 1476 4890; x_wconf 95' lang='lat' dir='ltr'><strong> </strong></span> 
     </span>
    </p>
   </div>
  </div>
 </body>
</html>
