2968 4896
514 231 551 294 tic
568 229 802 312 sumeptorihus.
1202 225 1266 294 tus

45 399 106 460 lum
121 399 169 461 nel
187 399 362 471 auitteadae
377 402 425 466 rel
437 402 541 468 saltem
556 407 732 486 premendae
747 400 901 480 religionis
912 399 1089 464 christianae
1104 399 1266 479 gentilibus

46 489 205 568 eriperent,
230 488 384 552 consilium
403 493 438 553 de
456 491 513 573 piis
529 494 754 574 susceptoribus
770 490 909 568 inierunt,
934 509 991 570 qno
1007 487 1054 552 ria
1070 486 1164 550 omnis
1181 509 1266 552 eucr-

45 575 124 636 tendi
144 587 248 638 coetus
265 577 417 640 di'rinioris
434 579 568 644 hostibus
584 579 835 662 praecluderetur.
872 577 1009 658 luprianis
1028 584 1125 638 auten
1143 595 1178 638 ea
1194 575 1266 640 iacti

44 663 119 726 ratio
136 667 277 737 suberat,
301 665 326 726 si
343 665 418 728 iortc
436 668 581 745 eueniret,
608 678 640 730 nt
656 676 791 749 parentes
807 673 927 747 repente
950 662 1102 746 tyrannide
1119 683 1266 743 grassan-

46 751 115 814 tium
140 751 348 832 imperatorum
372 754 536 818 inlautibns
558 757 814 831 subtraherentur,
841 755 981 816 haherent
997 750 1047 832 qui
1063 761 1092 814 ct
1107 750 1139 812 iu
1157 751 1264 814 diuinis

46 839 191 901 mandatis
209 860 262 902 cos
277 841 456 904 instruerent
472 851 501 906 ct
517 843 712 906 testimonium
729 845 765 904 de
780 853 920 922 suscepto
933 839 1075 921 baptismo
1090 839 1265 902 adolescen-

46 928 124 988 tibus
151 929 353 1008 perhiberent,
377 941 409 992 ut
434 952 468 994 eo
495 931 615 994 facilins
639 931 767 994 insidiae
783 928 910 1005 diaboli,
936 927 1120 990 occasionem
1139 927 1265 992 rocenat

44 1015 232 1096 quaerentis,
258 1017 445 1082 reiterentur.
483 1019 548 1082 Non
566 1018 653 1100 pauci
671 1039 787 1100 quoquc
802 1017 849 1080 his
865 1015 1044 1098 temporibus
1059 1024 1139 1078 tanta
1155 1025 1283 1095 marty-1

41 1123 107 1163 rnnr
122 1105 289 1166 constantia
305 1116 332 1168 et
349 1105 412 1168 zelo
430 1106 550 1188 pcrrsoti
567 1117 646 1183 snut,
662 1116 696 1170 ut
710 1106 848 1188 pictatem
864 1115 892 1168 ct
903 1103 1076 1183 religionem
1088 1123 1188 1166 eornm
1206 1101 1264 1164 sihi

41 1191 71 1252 in
97 1191 264 1273 exemplum
289 1203 450 1272 verterent,
476 1194 568 1256 diuini
594 1195 705 1276 aliquid
730 1193 761 1254 in
788 1193 877 1256 ιιιιίι
901 1190 1107 1256 vexationibus
1130 1190 1263 1254 terendis

43 1281 170 1341 subesse
196 1280 251 1342 rati
276 1282 444 1364 ejerataqne
460 1282 613 1361 gentilium
629 1282 777 1362 impietate
795 1279 1026 1345 Christianorum
1043 1277 1138 1340 coetui
1155 1279 1264 1360 adjun-

42 1377 203 1446 gerentur,
229 1389 350 1448 qaorum
374 1369 566 1432 imbecillitati
589 1369 755 1432 constitutis
779 1367 1002 1450 susceptoribus
1019 1377 1130 1428 mature
1151 1369 1263 1430 subre-

42 1454 174 1534 niehaat,
193 1455 243 1537 qai
261 1457 365 1519 deinde
382 1456 467 1518 fidem
485 1477 569 1520 snam
585 1457 702 1539 aequali
718 1455 853 1538 exemplo
867 1453 1039 1518 continuare
1058 1473 1116 1514 uon
1133 1456 1263 1535 erubuoe

43 1552 118 1605 ruat.
156 1577 197 1590 --
233 1542 261 1626 §.
278 1545 309 1607 8.
340 1543 605 1608 llludantsmnou
624 1545 811 1608 omittendum
829 1555 889 1620 ιιι,
915 1551 1103 1621 susceptores
1122 1539 1263 1604 tribusin

46 1631 164 1692 casibus
189 1631 274 1694 datos
297 1652 380 1709 ιιιι,
405 1655 509 1715 nempe
524 1633 556 1694 in
577 1633 727 1694 radiorum
744 1630 925 1694 institutione
943 1629 1005 1692 sire
1024 1625 1262 1706 catechisatioue,

44 1719 71 1778 in
88 1718 255 1798 baptismo,
280 1720 405 1803 denique
422 1722 451 1784 ia
470 1720 707 1796 confirmatione,
732 1739 855 1800 qnorum
872 1717 983 1798 singuli
1000 1726 1084 1779 actus
1100 1737 1119 1778 a
1135 1715 1263 1796 singulis

46 1815 113 1866 snut
130 1806 254 1888 peracti,
272 1808 329 1870 nisi
347 1829 436 1871 casus
452 1809 639 1872 necessitatis
660 1809 756 1887 legem
775 1815 987 1886 attemperaret.
1012 1803 1078 1869 vid.
1105 1809 1262 1868 Gratianus

44 1901 79 1956 ll.
95 1897 131 1955 do
152 1906 305 1958 consecrat.
322 1893 353 1970 4,
373 1899 463 1960 tota:
485 1904 516 1960 in
537 1900 725 1972 catechismo,
738 1901 769 1957 iu
792 1897 929 1976 baptismo
953 1903 978 1954 et
1002 1899 1033 1954 ia
1056 1893 1263 1968 continentiores

39 2005 114 2044 unus
129 1989 266 2062 patrinus
281 1985 342 2060 ficri
358 1996 454 2064 potest,
469 1992 496 2046 si
512 1992 661 2046 uucmsitas
675 1989 754 2064 mpii,
778 2005 834 2044 nou
851 1991 893 2044 ert
908 1991 1000 2042 tanton
1014 1982 1180 2042 oomuando
1198 1987 1261 2044 Ro-

40 2092 138 2147 naana,
154 2073 206 2131 aad
220 2093 270 2150 por
285 2075 409 2151 sinparlos
423 2075 526 2152 cinguli
540 2079 705 2154 suscipiunt.
738 2069 800 2133 etr.
816 2069 918 2152 Polyi.
935 2067 1045 2148 Vergil.
1063 2069 1098 2130 de
1114 2067 1262 2134 lassatur.

40 2179 140 2219 rerum
156 2155 190 2232 t,
207 2161 237 2220 4.
265 2181 293 2239 p.
317 2161 390 2222 325.
435 2160 554 2222 Priores
579 2163 654 2222 duos
678 2159 781 2220 modos
807 2178 873 2220 esse
900 2155 1122 2237 antiquissimos
1147 2163 1262 2220 ιιιιιιιι

41 2247 138 2326 quoad
156 2245 282 2326 primurn
300 2267 337 2308 cx
354 2247 465 2310 Coaacil.
485 2249 577 2310 Laod.
595 2268 661 2310 can.
678 2247 738 2322 463
754 2245 787 2308 it.
805 2267 842 2308 cx
858 2244 1043 2308 'lentulliauo
1061 2246 1097 2305 de
1112 2243 1262 2324 poeniali.

40 2337 75 2394 de
94 2337 177 2412 bapt.
196 2333 249 2395 ²0.
281 2333 366 2410 Quod
385 2334 507 2396 alterum
525 2345 654 2417 spectat,
678 2353 859 2414 progressas
877 2332 1001 2395 docebit.
1038 2331 1174 2400 Ultimum
1193 2353 1261 2394 vero

39 2421 98 2482 illis
116 2439 190 2482 csse
206 2422 406 2501 posteriorem,
423 2421 470 2485 rel
488 2444 522 2486 eo
540 2433 713 2502 argumento
730 2420 924 2483 demonstrari
942 2429 1047 2500 potest,
1065 2419 1135 2499 quia
1152 2417 1261 2480 conir-

40 2509 127 2570 matio
141 2507 212 2570 clim
229 2507 302 2571 ritus
320 2511 463 2592 baptismo
474 2510 693 2596 superadditus,
708 2529 768 2571 unu
779 2518 992 2572 sacramentum
1010 2506 1074 2582 luit,
1090 2509 1123 2568 de
1138 2511 1260 2587 pristiam

40 2599 194 2677 disciplina
216 2599 316 2676 dacto,
340 2621 396 2680 qua
413 2607 479 2678 ungi
493 2603 551 2662 oleo
570 2602 603 2661 tle
625 2619 712 2661 cornu
735 2605 765 2660 ia
788 2598 973 2659 sacerdotium
988 2597 1130 2666 solebant,
1155 2615 1191 2656 eu
1207 2617 1260 2676 quo

40 2689 139 2746 Aaron
155 2707 176 2745 a
195 2688 279 2746 Mose
291 2697 390 2748 unaue
406 2698 455 2760 ost,
472 2694 506 2748 ut
520 2685 726 2748 Tertullianus
741 2687 778 2746 dc
794 2686 873 2766 bapt.
889 2686 920 2746 7.
953 2683 1035 2745 Uuale
1051 2679 1126 2743 ittnd
1144 2679 1260 2764 cinoque

39 2771 193 2852 seqnitur,
219 2783 405 2853 susceptores
430 2775 504 2836 alios
528 2773 709 2850 infantibus,
735 2771 843 2834 adultis
860 2791 976 2852 qnoque
992 2769 1066 2832 alios
1083 2789 1151 2832 esse
1167 2773 1261 2850 datos,

39 2881 165 2941 quorum
185 2859 271 2922 etitem
289 2862 422 2924 diversae
440 2872 523 2924 erant
546 2859 636 2922 cilicii
662 2869 778 2940 partes,
803 2859 834 2920 in
851 2880 885 2920 co
905 2867 1001 2920 tamen
1018 2856 1133 2937 utrique
1150 2877 1260 2920 conre-

39 2949 179 3026 niebant,
204 2950 281 3029 qnod
299 2948 509 3030 stipularentur
531 2959 656 3030 votoque
675 2967 708 3010 se
726 2946 909 3025 obligarent,
934 2965 967 3006 ιι
984 2944 1057 3007 relle
1074 2943 1212 3006 nouitium
1229 2943 1260 3006 iu

39 3036 115 3097 omni
135 3035 245 3116 pietate
265 3037 396 3115 erudire,
425 3049 456 3100 nt
481 3046 643 3118 cognoscat
655 3034 714 3104 ,rim
739 3045 767 3098 et
786 3033 936 3098 raritatem
954 3038 1204 3094 sacramentorum
1222 3033 1258 3094 ad

39 3124 92 3185 llei
110 3123 240 3204 gloriam
259 3135 287 3186 ct
302 3125 388 3188 uitam
406 3137 564 3188 aeternam.
583 3157 620 3172 -·
646 3121 674 3205 ξ.
690 3124 721 3184 9.
747 3121 910 3186 Consilium
929 3141 996 3182 vcro
1013 3118 1258 3182 instituendorum

38 3223 248 3292 susceptorum
266 3233 351 3274 omne
366 3215 402 3275 nd
427 3213 563 3294 pictatem
588 3221 617 3274 et
634 3211 784 3273 doctrinae
808 3208 906 3272 christ.
923 3207 1170 3270 confirmationem
1188 3228 1257 3288 per·

40 3299 164 3377 tinebat,
191 3299 381 3380 quippenam
398 3311 478 3363 tanta
492 3299 638 3380 religione
655 3309 784 3362 aeterum
799 3295 927 3360 fidelium
944 3295 1032 3366 animi
1049 3295 1259 3372 imbuerentur,

38 3397 70 3448 ut
84 3384 257 3450 consultum
276 3407 342 3450 csse
364 3388 453 3450 facile
476 3387 756 3463 animaduerterent,
781 3385 978 3468 impotentiam
1004 3383 1110 3448 aetatis
1135 3381 1258 3466 puerilis

40 3475 193 3536 doctrinas
210 3474 362 3552 magistris
379 3497 446 3538 esse
462 3473 690 3550 sublevandam,
709 3474 758 3556 qui
776 3471 966 3556 χειραγωγῶν
981 3471 1075 3534 instar
1090 3471 1166 3534 riam
1184 3493 1258 3534 cou-

38 3565 209 3643 sequendae
227 3561 333 3625 salutis
359 3573 496 3626 aeternae
514 3572 719 3626 monstrarent.
757 3563 865 3626 Verum
890 3580 947 3622 ιιι
970 3558 1133 3621 infantibus
1151 3559 1257 3636 solum,

40 3653 88 3712 sed
109 3649 225 3714 adultis
242 3649 327 3712 etiam
344 3653 452 3714 dabant
468 3660 672 3732 susceptores,
697 3651 774 3731 quod
799 3658 920 3731 apparet
938 3669 975 3710 ex
990 3645 1136 3728 Dionysio
1152 3647 1259 3726 Arcop.

38 3737 57 3798 l.
75 3759 100 3800 c.
118 3739 152 3800 2.
177 3738 205 3822 ξ.
222 3738 253 3798 2.
271 3759 298 3818 p.
314 3739 388 3802 251.
423 3744 555 3820 Quisquis
572 3749 663 3802 autem
678 3741 785 3815 bornat,
802 3735 905 3817 inquit,
922 3756 1065 3796 muneram
1079 3755 1141 3796 core
1156 3753 1258 3813 supcr-

37 3829 217 3888 raandulinm
232 3836 328 3888 sancta
342 3833 482 3908 particeps
498 3849 556 3889 esse
570 3833 661 3908 cupit,
685 3827 814 3894 nectem
831 3829 986 3904 quempiam
1000 3828 1092 3884 sacris
1106 3826 1257 3896 initiatum,

39 3913 205 3994 flagitatque
221 3915 257 3975 ob
277 3935 326 3994 oo,
349 3924 379 3975 ut
402 3917 440 3976 atl
462 3937 606 3978 sacrorum
623 3916 778 3995 praesident
800 3914 966 3988 deducatur,
993 3919 1052 3990 ipse
1067 3930 1131 3972 uero
1154 3914 1258 3988 integro

38 4009 144 4064 nunctis
161 4004 354 4064 sanatoribus
370 4004 480 4084 absumi
494 4005 655 4082 pollicetur,
677 4012 809 4082 rogatque
824 4021 893 4062 suco
907 4021 968 4062 ιιιιι
986 3999 1176 4070 adductionis,
1200 4007 1258 4060 ttntt

38 4096 122 4152 totins
137 4091 240 4152 caindo
255 4095 329 4152 uitae
344 4111 440 4152 curant
455 4098 594 4171 suscipere
608 4111 642 4152 ns
657 4092 824 4169 dedicantur.
858 4085 898 4148 lli
915 4085 991 4148 eninr
1007 4104 1102 4166 nuper
1117 4107 1155 4148 cx
1172 4095 1258 4146 coctu

38 4176 194 4256 gentilium
212 4179 250 4240 ad
264 4176 374 4240 Christi
389 4199 475 4242 sacra
490 4177 651 4256 venientes,
669 4186 763 4240 aetate
778 4173 838 4238 illis
856 4173 971 4256 quidem
989 4175 1125 4257 majores,
1141 4171 1172 4234 in
1185 4173 1257 4234 doc-

37 4265 113 4328 triua
131 4275 232 4328 antem
251 4263 370 4328 coelesti
388 4287 481 4348 aeque
497 4268 587 4330 rudes
604 4273 703 4343 erant,
727 4263 835 4346 quihus
850 4262 1032 4326 institutione
1049 4282 1124 4342 opus
1141 4269 1204 4323 crat
1218 4259 1258 4320 ad

37 4355 298 4434 respondendum,
329 4361 484 4436 antequam
506 4354 691 4417 initiarentur
715 4363 744 4415 ιι
772 4349 988 4416 contessionem
1011 4349 1079 4412 fidei
1105 4348 1255 4420 edendam,

38 4444 115 4524 quod
131 4441 164 4504 in
180 4438 284 4506 adulto
301 4441 475 4523 baptizando
492 4441 651 4526 requiritur
666 4441 820 4525 allionys.
827 4436 1005 4522 Areopagi.
1017 4458 1043 4500 t·
1055 4434 1082 4517 h·
1094 4437 1124 4500 5·
1142 4431 1257 4514 ΡΜ·
