2968 4896
218 172 283 275 ra‘t
602 197 767 266 murz
810 197 886 278 mg.
901 191 1030 286 emen
1103 240 1109 254 .

218 391 331 450 retem
348 381 386 442 oh
401 379 434 440 id
450 376 565 458 magiae
581 373 788 438 daemoniacae
804 369 1024 447 insimulabant,
1040 367 1083 430 nti
1099 367 1128 430 id
1145 367 1240 430 refert
1252 366 1447 430 Sozomenus

218 470 292 554 (hiet
316 466 388 530 eccl.
405 465 444 543 t,
470 467 523 546 9.).
568 461 741 544 Requiritur
762 461 792 523 3.
806 458 846 522 -in
872 457 1071 522 catechizaato
1094 455 1262 518 christiana
1288 447 1461 542 medentia,3

174 573 177 579 ·
219 577 307 640 quana
321 557 418 616 denuo
434 552 553 633 copiose
570 553 752 612 commendat
768 547 971 628 Augustinus,
1000 545 1109 608 Parnm
1125 543 1285 620 aedificat,
1312 543 1370 624 qui
1386 545 1461 624 mo·3

219 644 330 708 dentiae
354 641 463 702 limites
491 639 795 719 egreditnr‚,exosus
821 633 965 714 dioeipplo
989 643 1051 710 est,
1074 631 1176 710 ‘gravis
1201 630 1294 692 socie
1321 629 1461 692 ridetur(

220 730 384 813 singulare
397 727 558 788 modestiae
576 736 603 787 et
618 723 790 786 humilitatis
808 721 971 802 exemplum
988 718 1140 782 Sisinnius
1158 717 1297 796 exhibet,
1318 717 1346 778 si
1364 721 1445 778 rnodo

219 839 289 882 rem
313 826 397 892 eunt,
421 833 496 894 quae
514 816 550 874 de
567 811 697 875 Sisinnio
713 809 945 874 Norotiaoorum
962 807 1053 887 episc.
1073 806 1163 868 refert
1178 805 1332 868 Socrates
1351 801 1383 881 6,
1399 807 1461 868 2d.l

222 906 296 970 Gurn
313 903 390 966 enirn
406 903 554 964 lohannes
569 899 795 980 chrysostomus
813 897 905 978 epiac.
918 895 1097 976 Byzantinos
1114 893 1287 955 Sisinniuru
1308 900 1446 972 argueret
1460 869 1461 936 i

220 1014 256 1056 ac
273 991 392 1065 diceret,
409 1007 497 1050 unam
514 985 659 1049 civitatem
674 1007 733 1048 uon
745 1003 836 1066 posen
849 986 923 1045 dnus
939 981 1093 1064 episcopos
1108 982 1230 1058 hahere,
1249 979 1445 1062 reapondisse
1460 995 1461 1050 ξ

161 1105 165 1111 ·
220 1079 327 1142 dieitur
342 1075 509 1138 Siainninn:
525 1095 581 1136 nec
597 1075 694 1136 hahet.
721 1073 807 1150 Quod
824 1085 998 1152 responsum
1017 1089 1082 1130 enm
1098 1069 1253 1130 lohannes
1273 1088 1373 1146 angre
1387 1067 1444 1127 fer·
1460 1055 1461 1120 f

219 1171 266 1230 'ret
280 1171 453 1242 (accusatur
469 1161 544 1223 enim
561 1159 618 1222 zali
636 1159 732 1238 nimii)
750 1159 916 1238 diceretque
927 1179 935 1218 r
946 1157 1047 1220 llideo
1060 1155 1160 1236 igitur,
1178 1140 1230 1215 ὅτι
1248 1143 1354 1232 μόνος
1372 1145 1461 1214 elram

221 1242 530 1337 βούλεοέπίσκοποο,
554 1259 614 1310 tum
633 1246 801 1310 Sieindiue:
833 1247 936 1326 Neque
960 1245 1016 1306 hoc
1033 1243 1117 1320 dico,
1143 1241 1260 1324 inquit,
1291 1244 1347 1302 sed
1373 1242 1443 1321 qued

221 1341 300 1420 apud
318 1347 346 1400 te
362 1337 458 1398 solum
475 1357 535 1398 nou
550 1335 799 1416 eumepiseopus,
817 1333 865 1414 qui
883 1331 951 1393 aliis
970 1328 1146 1393 tamensem
1164 1329 1347 1410 episcopus.
1384 1328 1443 1404 Quo

221 1423 530 1506 responmmmnnes
554 1433 720 1485 commotus
735 1421 847 1482 dixisse
863 1419 974 1480 fertur:
998 1409 1109 1478 aoniam
1131 1411 1362 1498 προσομιλεῖν,
1380 1435 1441 1476 naar

221 1513 388 1576 haereticus
406 1530 451 1572 es.
471 1511 514 1572 dd
533 1530 607 1592 quae
624 1508 796 1572 Sieinninsr
820 1507 885 1588 Ego
902 1527 982 1582 vero,
999 1504 1103 1586 inquit,
1120 1515 1188 1566 tuac
1205 1503 1264 1566 tihi
1282 1505 1440 1580 mercedem

222 1602 316 1676 deba,
339 1600 365 1662 ei
383 1619 428 1660 me
448 1607 526 1660 tanto
542 1597 644 1660 lahcre
659 1594 841 1658 liberareris.
882 1593 938 1656 Coi
957 1613 1098 1673 responso
1115 1592 1353 1672 chrysostomus
1373 1590 1440 1650 enh·

219 1687 356 1769 junxisse
375 1685 497 1746 dicitnr:
536 1685 602 1765 Ego
628 1705 695 1746 rere
720 1683 837 1744 minime
861 1701 880 1742 a
904 1681 1106 1743 concionando
1126 1689 1152 1740 te
1167 1678 1353 1760 reprimam,
1379 1676 1403 1738 ei
1420 1687 1443 1736 te

222 1775 304 1836 illud-
322 1791 428 1834 munus
455 1771 565 1834 afficiat
590 1769 732 1833 molestia.
771 1770 881 1842 Viden,
907 1768 950 1830 nti
976 1766 1153 1848 triumphum
1170 1776 1251 1844 agat
1279 1763 1441 1826 modestia?

223 1863 327 1942 Neque
343 1861 444 1940 plures
463 1862 498 1919 de
514 1859 681 1938 irregenitis
700 1856 884 1918 Christianos
902 1855 987 1932 fecit,
1011 1854 1151 1935 naamis,
1174 1853 1225 1934 qui
1244 1853 1358 1914 blande
1375 1871 1441 1912 con·
1460 1881 1461 1930 }

223 1950 378 2010 vertendos
397 1944 543 2007 allocutus
560 1955 605 2005 eet
622 1955 651 2006 et
667 1965 732 2004 eam
750 1943 854 2004 iisdem
872 1943 935 2004 eine
961 1941 1119 2004 acerbitate
1138 1941 1207 2020 egit.
1247 1941 1375 2002 Adhaec
1398 1959 1440 1998 re·
1460 1995 1461 2004 ,

225 2031 395 2113 quiritur‘d.
416 2032 554 2091 continua
571 2031 739 2109 diligentia,
766 2051 802 2090 ne
824 2028 916 2092 deses'
935 2029 986 2092 fiat
999 2028 1214 2105 catechizans,
1232 2027 1351 2090 instare
1369 2024 1436 2087 enim

220 2122 312 2181 dehet
328 2111 484 2197 eriorar'pnre,
509 2111 652 2199 ἀκαίρως,
669 2137 804 2196 arguere,
825 2122 991 2194 obsecrare,
1008 2117 1163 2198 increpare
1178 2115 1210 2176 in
1227 2115 1312 2176 omni
1331 2113 1438 2194 patieu-
1460 2173 1461 2178 ,

225 2205 274 2281 tia,
293 2205 334 2266 uti
352 2203 537 2266 Timotheum
554 2203 774 2266 suuminetruit
790 2203 912 2267 Paulus.
950 2206 1054 2285 Turpe
1070 2215 1124 2280 est,
1149 2203 1175 2264 ai
1194 2205 1318 2284 quaudo
1336 2203 1372 2262 oh
1390 2219 1435 2278 pa·
1460 2195 1461 2262 Ϊ

225 2303 335 2356 storum
352 2291 570 2371 negligentiam
593 2291 700 2373 aliquis
726 2313 791 2353 num
810 2291 956 2372 Gregorio
982 2292 1061 2356 hom.
1076 2293 1133 2354 Π.
1155 2292 1186 2351 in
1206 2289 1350 2370 evangel.
1373 2307 1435 2346 cou-

226 2380 308 2462 queri
328 2399 452 2442 neeesse
470 2379 595 2440 haheat:
628 2382 758 2441 Mundae
775 2375 1052 2441 totaa'oorerdctihao
1075 2382 1174 2458 pinam
1196 2388 1255 2454 eat,
1282 2380 1333 2440 aed
1353 2387 1434 2437 tamen
1460 2389 1461 2452 3

224 2479 260 2530 ia
272 2489 359 2532 meane
375 2473 428 2528 liei
450 2489 534 2528 rarae
548 2469 629 2528 calda
645 2474 782 2530 invonitur
798 2477 942 2546 operator,
962 2473 1028 2546 quta
1044 2467 1168 2542 officium
1183 2468 1295 2546 quoidam
1312 2464 1434 2526 eamrdo·
1460 2461 1461 2498 l

225 2558 283 2616 talo
305 2561 488 2632 enectpimua,
513 2557 561 2614 sed
583 2577 654 2634 opere
676 2555 765 2630 officii
788 2575 842 2614 non
868 2557 1021 2633 impleamus.
1058 2555 1236 2615 adhortatur
1262 2573 1352 2632 porro
1370 2559 1396 2610 et
1409 2546 1433 2606 5.
1460 2557 1461 2560 ’

225 2640 412 2718 Augustinus
430 2639 607 2702 catechetnm
626 2662 710 2702 snum
728 2641 904 2718 Deogratias
922 2648 954 2700 ut
979 2648 1129 2719 putantem
1145 2661 1177 2702 ee
1193 2647 1330 2720 praestet
1350 2651 1433 2714 nequa

225 2726 356 2788 fastidiat
372 2726 502 2790 lahorem
517 2728 742 2791 informationis.
765 2735 889 2793 caecam
908 2731 1022 2788 maltam
1038 2739 1091 2806 aet,
1111 2727 1219 2808 inquit,
1243 2725 1433 2808 padernum
1460 2729 1461 2742 ¹

154 2867 159 2874 .
226 2817 375 2895 loquendo,
401 2837 485 2896 cepae
509 2818 547 2878 nd
567 2824 717 2905 tetradeum
739 2823 947 2895 praestitutam,
972 2837 1033 2876 cam
1052 2821 1153 2878 nroceri
1171 2836 1227 2876 aon
1244 2816 1370 2877 videmur
1386 2828 1432 2868 οο·

225 2905 342 2964 dianam
350 2925 360 2977 ς
383 2905 456 2982 qaod
471 2909 528 2965 eice
543 2925 600 2966 noa
617 2907 718 2965 eadent
734 2907 875 2982 ret-totonis
891 2911 989 2964 tiaram
1003 2909 1168 2964 oenotriotae
1189 2923 1254 2965 neos
1282 2913 1334 2966 aut
1350 2901 1432 2976 alipta
1460 2907 1461 2944 ³

226 3001 302 3052 motu
318 2997 442 3069 comario
457 2991 615 3068 sipnipicara
630 2993 854 3071 approbationem
877 3011 975 3066 auam,
999 2997 1057 3052 eice
1070 2994 1195 3052 hamana
1213 2990 1380 3052 uerecundia
1391 3003 1431 3043 tt·

168 3091 171 3108 ·
225 3085 365 3158 prietates·
379 3085 437 3139 eico
450 3080 525 3138 dicta
540 3099 596 3139 noa
618 3081 754 3156 intolltpat
776 3086 833 3139 atne
849 3088 1024 3153 renumerat,
1052 3081 1273 3159 quandoquidem
1292 3078 1369 3138 audis
1384 3087 1431 3130 add

227 3167 396 3227 rametam
413 3171 538 3226 acimum
554 3167 613 3238 aare
637 3171 768 3226 incertum
784 3175 840 3238 oet,
865 3172 958 3226 mannia
974 3187 1098 3227 enmono
1113 3169 1247 3228 tentanda
1263 3174 1346 3240 nant,
1371 3174 1431 3238 aaut

227 3254 266 3312 nd
279 3272 341 3310 mam
357 3253 534 3312 eaoitmndcm
550 3261 577 3312 ct
593 3261 726 3331 tanquam
750 3255 783 3314 de
806 3255 918 3314 latebris
936 3257 1084 3315 eruendum
1099 3260 1207 3333 possint
1222 3257 1324 3316 calmo.
1363 3251 1430 3307 Num
1460 3295 1461 3298 η

226 3347 252 3399 a
266 3342 467 3398 timoratmiuo
484 3347 565 3418 atquo
580 3341 730 3418 impedient
745 3342 958 3402 &durationem
978 3343 1079 3420 §indicii
1101 3343 1162 3419 mara
1186 3344 1291 3402 thado
1307 3339 1429 3400 eahorto·
1460 3349 1461 3418 3

226 3431 301 3486 tinae
314 3425 457 3503 pellendae
473 3435 513 3486 aot
528 3435 554 3486 et
569 3429 737 3488 instaurando
748 3430 906 3502 [rammam
916 3433 1070 3495 sociantem
1082 3431 1245 3490 caecandia
1262 3418 1428 3505 commeauit

179 3571 182 3576 t
226 3521 252 3574 et
267 3517 483 3591 irrtorropatiana
499 3516 693 3593 quaerendum,
708 3525 801 3576 utrum
818 3519 954 3594 intollipot
969 3525 995 3576 et
1004 3518 1100 3578 mande
1115 3517 1228 3594 fiducia,
1245 3527 1278 3578 at
1292 3519 1319 3574 ei
1334 3507 1395 3591 auid
1408 3505 1428 3562 tl

226 3601 468 3663 contradicendam
482 3603 599 3677 amarer,
616 3603 698 3664 tune
712 3605 848 3682 proferat.
882 3603 966 3664 Haec
982 3610 1011 3664 et
1029 3602 1118 3664 multa
1134 3599 1193 3664 alia
1210 3611 1323 3664 veteres
1340 3591 1425 3658 encle-

227 3687 291 3750 aiac
307 3690 440 3750 doctores
457 3686 704 3750 catechizantibus
721 3691 864 3752 dederunt
880 3690 999 3763 monita,
1018 3689 1156 3770 equibus
1172 3691 1319 3770 quodnam
1337 3695 1425 3744 eorum

227 3773 355 3836 officinm
371 3775 471 3852 fuerit,
491 3775 645 3856 dijudicari
661 3775 748 3838 facile
767 3784 871 3856 potest,
887 3807 930 3824 ε-
946 3776 975 3858 §.
996 3777 1043 3841 18.
1059 3778 1163 3840 Restat
1182 3791 1260 3838 nuno
1276 3785 1306 3838 ut
1319 3775 1354 3832 de
1369 3768 1422 3845 ipst

124 3857 127 3870 '
228 3861 466 3924 catechizationis
491 3863 549 3924 ritu
577 3863 718 3926 addamus
745 3882 850 3944 pauca.
896 3863 935 3924 lit
956 3864 1031 3925 oitna
1056 3865 1172 3944 quidem
1194 3875 1253 3926 tara
1271 3857 1423 3925 naariam

228 3967 315 4029 quam
331 3947 532 4012 catechumeni
547 3951 643 4032 ipsius
661 3950 873 4012 informationis
890 3961 1018 4032 tempore
1034 3941 1206 4036 ἀδιάφορος
1221 3952 1285 4030 fuit,
1305 3936 1421 4029 quamvis
1460 4019 1461 4022 ,

229 4034 305 4096 enim
320 4033 396 4096 alias
415 4047 538 4098 erectam
555 4039 687 4118 corporis
710 4037 931 4102 collocationem
955 4040 988 4102 st
1001 4038 1172 4117 stationem,
1191 4043 1231 4101 ad
1258 4033 1420 4100 devotionem

229 4127 259 4184 et
274 4122 464 4184 reverentiam
481 4122 686 4188 declarandam
708 4133 820 4188 veteres
839 4130 1003 4189 conducere
1019 4128 1158 4208 putarint,
1187 4121 1262 4188 nude
1279 4143 1329 4206 per
1343 4125 1420 4178 totum

227 4207 256 4270 id
272 4215 401 4289 tempus,
419 4213 495 4291 quod
510 4211 586 4273 inter
602 4214 714 4294 pascha
731 4224 759 4276 et
774 4225 961 4295 pentecosten
978 4223 1033 4292 est,
1051 4224 1162 4276 stantes
1178 4217 1312 4286 orabant,
1326 4219 1419 4288 qnam·
1460 4263 1461 4274 ,

213 4296 328 4356 'ohram
351 4297 536 4376 precationes
559 4299 628 4362 illae
652 4300 792 4363 stationes
815 4302 909 4365 dictae
934 4312 1019 4380 sunt,
1043 4302 1075 4362 in
1098 4303 1245 4364 catechesi
1264 4312 1352 4363 tamen
1375 4301 1419 4346 ⁸81¹

226 4381 432 4446 informatione
450 4382 618 4450 elementari
638 4397 717 4450 stare
734 4397 765 4468 et
779 4391 883 4452 sedere
909 4389 987 4472 ipsis·
1000 4389 1121 4470 perinde
1142 4389 1358 4453 tetseeeeanu
1373 4379 1417 4444 0⁸¹1
