2944 4890
165 197 236 274 eoo
366 123 368 134 ¹
584 123 962 276 summumne

167 380 344 464 oupuorisse
361 377 498 457 interest,
525 397 592 442 rurs
609 371 715 442 iisdem
739 374 1011 458 inmbes‚=quibus
1029 379 1108 438 rotro
1122 367 1275 454 iponem
1309 365 1402 452 Quiri

166 481 259 534 ostem
283 480 308 532 tr
332 489 351 530 u
374 469 495 548 perferto
523 473 576 530 Dei
598 487 677 530 soron
699 464 836 546 rsporotl
872 463 918 526 An
941 465 1076 526 atteret
1099 463 1399 540 turbulentorum,

115 567 118 574 '
167 560 242 622 oliuu
256 555 453 620 ordientibus?
479 574 548 618 uum
568 573 639 635 spos
658 552 717 616 elin
735 550 784 616 rel
801 548 937 618 meroes?
966 547 1027 614 ulie
1042 549 1169 612 formido
1183 549 1309 631 juditii,
1331 550 1402 612 ulis

167 642 333 710 neeesssibt
344 640 568 723 ,poeniteutirtel
593 641 758 704 Lnruuruns
776 639 848 702 illud
866 649 911 702 ent
927 636 1095 717 obsignatio
1112 634 1197 714 bdoi,
1216 657 1295 718 ques
1313 636 1401 700 lidus

168 730 401 812 npoenltentinn
427 727 484 792 tide
505 728 647 810 incipitur
671 738 700 792 et
723 729 952 792 commendetur.
997 725 1062 788 Nou
1087 723 1154 786 ideo
1177 721 1334 788 abluimur
1364 736 1402 786 ut

158 819 339 900 ‘delinquere
355 816 536 896 desinamus,
553 817 605 879 sed
623 815 691 898 quis
708 815 860 892 desiimus,
876 811 1012 895 quonirun
1025 811 1086 894 just
1103 813 1192 874 sorde
1206 807 1260 874 loti
1271 826 1401 878 suusne.

166 907 254 971 Hero
271 904 348 968 onitu
369 903 461 986 prime
479 903 627 966 audientis
647 901 781 966 intiuntio
801 910 984 978 est,1mstus
1003 900 1137 979 integer,
1162 899 1271 964 exinde
1289 902 1399 981 qnoud

142 985 144 996 ’
168 992 327 1068 Dominum
352 991 502 1068 senseris,
526 990 599 1054 tides
618 1011 709 1069 suno,
733 989 915 1052 oouseioutiu
937 987 1028 1051 semel
1047 986 1254 1069 poenitentium
1270 987 1399 1070 emple-

169 1082 272 1144 xutn.“
303 1078 385 1140 Adde
402 1078 499 1140 louunn
517 1079 649 1159 ejusdem
668 1081 704 1140 de
720 1098 780 1140 eor.
794 1077 855 1140 mil.
870 1097 934 1158 oep.
946 1077 980 1138 2:
998 1081 1164 1152 ‚‚Nerubrmr
1180 1075 1247 1138 diuo
1262 1076 1397 1152 fidolium

171 1185 307 1230 ouronern
327 1164 421 1246 cupite
441 1184 530 1228 nosse
548 1165 634 1243 olins,
659 1176 742 1226 extre
764 1174 878 1248 ternpus
899 1159 1066 1226 tentationis
1091 1161 1246 1244 ejusmodi.
1286 1167 1399 1226 oerore

169 1253 211 1316 itu
228 1254 402 1325 observent,
418 1273 436 1314 u
454 1255 655 1316 oubobummis
669 1273 754 1333 usque
770 1253 995 1328 udruortfemorm
1011 1260 1037 1312 st
1052 1259 1202 1324 musterus,
1222 1245 1272 1314 rel
1292 1265 1397 1332 uege-

48 1357 51 1364 '
170 1343 281 1404 tores.“
325 1339 420 1402 Multo
440 1339 603 1404 evidentius
619 1339 784 1418 Origenes,
813 1339 863 1420 qui
884 1339 960 1400 burn.
984 1358 1010 1400 s.
1035 1337 1065 1398 in
1082 1335 1288 1414 Ezechielem,
1313 1335 1347 1418 ξ.
1364 1339 1399 1401 4.

170 1450 199 1509 p.
217 1426 292 1490 375.
311 1423 377 1492 Vol.
395 1426 448 1490 111.
467 1427 543 1508 Opp.
563 1430 624 1506 (ed.
640 1431 676 1490 de
692 1427 721 1488 Ιπ
736 1426 817 1506 Rue)
837 1424 911 1488 bueo
929 1425 1037 1488 lubet:
1057 1430 1138 1500 „Pro
1154 1427 1234 1486 modo
1247 1428 1398 1503 prodeunt

170 1513 378 1594 uuusquisque
395 1515 586 1594 torquebitur.
605 1513 749 1596 Maiorem
767 1534 890 1594 poenetu
907 1513 1004 1589 babet,
1020 1511 1070 1592 qui
1089 1509 1223 1574 eeclesiis
1240 1508 1399 1593 praesidet

172 1613 199 1664 ot
217 1600 369 1681 delinquit.
410 1604 513 1664 Annon
531 1601 627 1681 mugis
644 1601 874 1664 misericordium
891 1610 1071 1682 promeretur
1085 1601 1122 1662 ed
1139 1599 1396 1680 temperationem
1452 1641 1453 1650 2

171 1687 267 1750 fidelis
282 1686 529 1756 catechumenus?
548 1710 606 1752 non
622 1689 718 1769 rengis
734 1688 820 1754 reuie
834 1688 946 1768 diguus
963 1699 1008 1750 est
1023 1684 1120 1750 luiuus
1136 1687 1162 1750 si
1177 1689 1213 1750 ud
1230 1687 1397 1750 dissonum

173 1775 360 1844 oonloruturl
398 1775 528 1840 Rursum
560 1777 781 1857 comparatione
811 1775 975 1857 presbyteri
1009 1775 1151 1836 dissonus
1178 1773 1294 1840 renisus
1323 1776 1396 1856 plus

102 1875 106 1881 '
173 1866 331 1927 ureretur.“
371 1862 505 1940 Quorum
522 1865 717 1927 adamussim
734 1861 1076 1926 concordentllussbius
1094 1861 1262 1924 Cessur.st
1279 1862 1394 1924 Hiero·
1452 1857 1453 1890 ¹

172 1967 286 2029 nymus.
324 1949 473 2012 Eusebius
489 1952 605 2030 quidem
622 1952 653 2012 in
670 1953 837 2014 Demonstr.
856 1970 962 2030 evang.
981 1949 1012 2024 7,
1029 1951 1059 2010 2.
1077 1970 1106 2029 p.
1124 1947 1189 2010 323
1213 1951 1276 2028 (ed.
1293 1948 1395 2013 Puris.
1452 1919 1453 2008 l

174 2034 289 2110 luem:
313 2035 418 2114 „upra
438 2035 522 2096 καθ’
549 2027 683 2116 ἑκάστην
705 2037 930 2110 ἐκκλησίαν
952 2025 1110 2117 τάγματα·
1137 2035 1172 2096 ἓν
1193 2030 1251 2112 μὲν
1269 2025 1309 2098 τὸ
1329 2037 1397 2098 ruis
1452 2009 1453 2066 l

172 2113 367 2213 ἡγππμέπων,
392 2111 450 2180 doio
470 2115 505 2180 δὲ
529 2115 566 2180 ui
586 2120 648 2182 rein
669 2117 931 2204 ὑποβεβηπὸτων,
963 2119 1036 2184 τοῦ
1067 2118 1138 2212 τῆς
1156 2117 1395 2203 ,ἐκκλησίας

173 2201 449 2285 τοπΧριστοῦ
477 2204 537 2278 εἷς
561 2197 632 2270 du'o
657 2199 843 2289 τάγματα
866 2205 1128 2288 διῃρημένου,
1155 2203 1203 2280 εἴς
1223 2229 1258 2270 us
1278 2197 1316 2272 rb
1334 2205 1396 2287 μὲν

172 2285 294 2378 uuordo
320 2287 387 2354 trel
412 2289 488 2352 τῶν
513 2289 581 2371 μὲν
607 2289 771 2374 μηδέπω
797 2293 868 2375 τῆς
896 2284 961 2356 duri
992 2284 1168 2374 lotisque
1191 2290 1392 2378 παλιγγε-

68 2415 70 2426 ,
172 2377 309 2446 nerine
339 2370 587 2456 ἠξιωμέπωπε
622 2380 674 2442 ubi
694 2381 767 2444 citro
787 2403 900 2444 omnent
925 2380 1155 2444 controuersiam
1187 2379 1390 2446 cuteeltnmeni

172 2462 230 2544 ipsi
251 2460 397 2528 eoelesiue
428 2465 535 2528 diserte
562 2481 767 2532 recensentur.
803 2469 1001 2551 Hieronymus
1024 2489 1093 2532 sero
1120 2469 1150 2530 in
1171 2468 1390 2532 Commentario

172 2549 203 2610 ie
222 2549 368 2627 desubito,
394 2569 422 2628 p.
438 2553 490 2613 ot.
511 2553 598 2616 Tum.
613 2555 648 2620 V.
674 2555 749 2637 Opp.
781 2557 841 2633 (od.
860 2555 1015 2633 Francos.)
1041 2555 1228 2638 ‚,qninquo“
1253 2557 1298 2618 trit
1314 2577 1393 2620 esse

173 2636 330 2711 ‚,ooobrtue
345 2637 481 2698 ordines:
507 2640 674 2722 episeopus,
698 2643 895 2724 presbyteros,
913 2643 1065 2720 diaeonus,
1085 2641 1200 2722 fideles,
1215 2648 1392 2708 bobobertus·

173 2723 256 2796 rtos.“
284 2721 611 2804 Arrrditlugnstinns,
627 2729 761 2808 plurimis
775 2729 858 2807 loeis,
875 2751 891 2792 e
908 2731 1014 2812 quibus
1028 2731 1081 2792 bos
1095 2730 1390 2802 attulissesultieiut:

174 2805 307 2910 [l'rrtrtot.
323 2807 375 2870 xl.
392 2809 422 2870 in
438 2812 512 2888 lob„
532 2811 559 2895 §.
572 2815 602 2875 4.
622 2837 651 2896 p.
668 2817 732 2878 274
748 2818 809 2895 (etl.
827 2817 903 2898 Opp.
921 2819 1014 2880 butu.
1031 2817 1140 2882 Bened.
1158 2817 1197 2880 Τ.
1213 2817 1267 2882 ΙΙΙ.
1282 2819 1318 2883 Ρ.
1335 2819 1391 2898 ΙΙ.)

168 2903 213 2954 ete
231 2896 319 2955 verbu
337 2895 426 2958 ierit:
454 2898 519 2976 „Et
536 2903 611 2981 quod
632 2903 751 2984 signnm
771 2904 868 2965 erneis
886 2905 916 2966 itt
934 2905 1030 2966 fronte
1047 2905 1156 2967 luebunt
1176 2905 1391 2986 commumoni,

167 2982 231 3056 jam
248 2981 282 3083 de
298 2983 379 3043 domn
394 3005 496 3063 mopso
511 2998 595 3062 strnt3
620 2992 671 3052 sed
690 2988 759 3051 bont
783 3011 820 3052 ex
839 2991 933 3052 serris
952 2991 1016 3053 filii.
1049 2991 1114 3054 Non
1133 2993 1210 3056 enim
1228 2993 1301 3056 nibil
1317 3005 1392 3057 sunt

173 3070 221 3145 qui
242 3085 301 3141 putu
327 3069 364 3128 ud
386 3071 497 3132 domum
518 3095 648 3152 struprum
675 3084 842 3155 pertiuent.“
877 3077 923 3140 lle
948 3077 1080 3161 'symbolo
1104 3081 1141 3144 ud
1163 3083 1391 3145 nuteeltunnenos

110 3191 115 3200 -
172 3171 277 3252 serus..
302 3155 330 3238 ς.
350 3157 377 3216 l.
405 3177 433 3234 p.
449 3157 524 3221 4²4.
543 3160 582 3246 ll.¹
603 3163 657 3241 (T.
676 3163 724 3225 vt.
743 3166 790 3227 ed.
806 3163 855 3227 rit.
874 3164 965 3246 Opp.)
991 3167 1216 3230 ruterbumeuus
1241 3168 1286 3232 sio
1304 3167 1388 3232 ullu·
1451 3213 1452 3222 t

173 3251 287 3320 quitur:
312 3241 418 3314 „Dum
446 3264 498 3321 per
522 3247 754 3312 erueretissitnnm
781 3250 878 3314 cruris
901 3253 1020 3334 signum
1046 3275 1097 3317 uos
1119 3262 1285 3337 eucrepitis
1309 3269 1388 3321 utero
1451 3297 1452 3332 3

171 3335 272 3387 saneto
288 3337 376 3388 mutor
392 3332 522 3408 molesia,
549 3355 624 3414 quse
644 3335 722 3398 siout
741 3349 769 3398 et
792 3337 900 3402 fratres
920 3353 1033 3403 vestros
1054 3359 1119 3404 rous
1138 3361 1253 3407 surumn
1276 3343 1389 3410 loetititt
1451 3339 1452 3382 t

173 3411 343 3491 spirituliter
367 3415 461 3494 pruriet
483 3438 558 3482 nuru
577 3419 675 3500 proles
694 3423 794 3486 futuru
810 3436 908 3488 tuntas
926 3428 1038 3506 neutris,
1063 3448 1218 3512 quousque
1234 3452 1288 3512 per
1304 3431 1388 3498 luss-

173 3519 255 3560 orum
273 3514 406 3564 sunrtum
426 3518 615 3584 reponeretur
634 3529 721 3572 verae
741 3511 800 3573 luri
821 3513 971 3591 restituet,
995 3518 1140 3594 congruis
1158 3516 1306 3581 elimentis
1324 3542 1386 3600 ess,

173 3603 246 3666 quos
264 3599 367 3666 portet,
385 3603 487 3668 prrsum
502 3591 531 3652 in
550 3607 632 3656 utero
649 3607 676 3658 et
693 3599 728 3660 tul
747 3599 822 3662 dirtu
840 3613 940 3681 portus
957 3602 1003 3664 sni
1018 3602 1113 3666 bretos
1129 3603 1205 3668 lustu
1218 3609 1385 3686 perduret·‘

173 3683 227 3734 eto.
262 3672 333 3736 Item
352 3675 397 3738 Do
415 3677 630 3742 ruterbizuudis
648 3685 771 3748 rudibus
796 3685 823 3769 ξ.
841 3687 892 3766 34,
913 3710 942 3770 p.
958 3689 1022 3752 208
1039 3691 1072 3754 tt.
1098 3691 1152 3762 tr.
1169 3692 1217 3757 Vl.
1238 3693 1327 3775 Opq.)
1349 3699 1385 3759 ud

173 3760 411 3824 ruteobumrnutn
432 3785 610 3844 conuersus,
631 3769 789 3851 „Cujus,“
809 3774 864 3850 ait,
890 3777 1069 3857 „passionis
1089 3788 1116 3840 et
1133 3779 1231 3842 cruris
1250 3782 1339 3850 sistus
1357 3784 1385 3846 in

171 3842 267 3904 fronto
282 3844 370 3910 bodie
387 3862 530 3932 tutoquutu
549 3853 577 3914 ln
596 3868 679 3935 poste
696 3860 861 3936 sipnrtrrdus
877 3881 918 3937 es,
936 3883 1082 3946 nurumque
1099 3869 1253 3931 ctrrtrttuor
1267 3845 1383 3950 dipson-

172 3932 249 3988 tur.“
293 3931 425 4018 lienique
445 3941 482 4000 de
500 3954 684 4020 prestiturum
703 3947 812 4008 turritis
829 3958 857 4010 el
875 3949 1058 4025 remissione,
1076 3951 1112 4016 L.
1127 3952 1167 4018 ll.
1184 3951 1211 4036 ξ.
1228 3955 1282 4020 42.
1300 3977 1328 4038 p.
1343 3959 1383 4020 4²

172 4011 275 4113 (Ὑρίης
291 4015 326 4078 X·
343 4021 433 4120 (lup.)
458 4026 488 4086 itt
510 4027 604 4091 lorum
624 4029 636 4092 l
655 4029 724 4096 Cor.
740 4033 802 4110 vu,
823 4035 871 4098 14.
890 4035 1039 4100 disserens
1058 4039 1133 4100 bueo
1152 4042 1272 4104 seribit:
1293 4045 1383 4121 „Non

172 4117 262 4200 uptus
287 4107 363 4165 mods
391 4120 434 4171 est
458 4115 668 4179 sunrtilieetio:
697 4140 763 4182 nent
791 4132 818 4182 et
843 4127 1048 4188 nobobumerror
1073 4131 1225 4192 seuuttdurrt
1249 4135 1383 4212 quendum

170 4187 281 4293 modum
312 4211 392 4296 squm
418 4209 599 4280 pernimium
625 4209 727 4269 Obristi
752 4219 779 4270 et
802 4217 953 4273 orationem
981 4235 1083 4276 mustus
1105 4221 1293 4296 impositionis
1317 4231 1382 4302 puto

170 4273 358 4356 'imilfitfflt
380 4289 408 4340 tl
426 4287 501 4362 quod
519 4289 675 4370 arripiunt,
695 4296 827 4375 quuurvis
847 4317 904 4360 non
923 4299 961 4361 sit
978 4319 1086 4380 eorpus
1104 4300 1226 4381 Christi,
1249 4321 1380 4380 suerrum
1450 4307 1451 4390 l

171 4367 339 4442 esttamen,
362 4373 391 4427 et
407 4369 540 4433 sanetius
559 4395 645 4458 quom
662 4379 729 4459 eibi,
748 4383 855 4467 quibus
873 4381 990 4467 elieser,
1014 4389 1151 4476 quonium
1167 4407 1380 4464 ssorunrsntuu
