2968 4896
225 267 289 343 ut
609 255 729 336 extr.
775 205 1032 344 ojrwarmg

226 444 371 512 debentur
386 444 494 518 partes.
521 435 621 508 Prima
638 429 799 514 baptisterii
816 449 886 511 pars
904 427 1055 496 dicebatur
1071 411 1241 507 προούλιος
1258 413 1353 497 οἶκος,
1369 439 1453 502 por-

226 529 303 594 ticos
322 529 423 588 dotans
442 521 621 606 baptisterii,
640 520 733 590 altera
749 539 816 582 vero
836 506 982 595 ὲοώτερος
1000 507 1092 590 οἶκος,
1115 509 1237 581 interior
1254 512 1370 574 domus.
1414 507 1452 570 lu

224 617 318 702 prima
339 615 426 696 bajus
450 623 532 693 parte
558 607 758 674 catechumeni
784 605 990 666 renuntiabant
1013 599 1129 674 diabolo
1155 597 1352 678 omnibusque
1376 595 1452 674 ejus

226 704 381 786 operibus,
407 702 526 762 alteram
544 719 613 774 pero
632 707 742 790 partem
759 703 833 764 trote
851 692 1014 772 bingiamo
1026 687 1054 770 *)
1080 685 1215 768 baptismi
1233 684 1328 766 ipsios
1347 683 1453 750 admi·

226 787 392 854 nistrationi
418 789 617 858 reservabant.
656 784 687 860 lo
713 782 807 854 medio
833 781 921 860 liujus
944 775 1104 860 baptisterii
1128 775 1224 842 stabat
1249 771 1378 852 piscina,
1412 791 1453 833 ex

228 883 301 940 duro
325 876 420 954 lapide
442 874 586 958 pretioso,
611 891 701 952 saepe
718 888 877 930 marmoreo
903 876 931 937 et
947 863 1149 956 porphyretico
1175 867 1341 936 exstructa,
1367 855 1456 920 alias

228 955 443 1046 κολυμβήθρα
459 973 530 1024 teste
547 959 764 1040 Biogbam0**)
782 953 916 1031 dicta,'in
935 973 1020 1034 quum
1038 973 1102 1020 cnm
1119 947 1220 1025 adulti,
1237 957 1297 1014 tum
1315 945 1455 1045 infantes
1480 943 1481 974 f

227 1053 485 1132 immergebantur.
508 1051 578 1110 lude
596 1067 702 1116 nomen
719 1043 812 1106 sortiti
829 1043 961 1105 ridentur
977 1037 1135 1108 Christiani
1153 1036 1182 1098 oi
1197 1033 1254 1114 τής
1271 1055 1329 1098 Ιτου
1345 1055 1455 1096 πνευ-

229 1159 325 1218 ματος
341 1129 569 1218 κολυμβήθρας
584 1123 658 1196 nidr.
690 1133 783 1210 Quem
801 1133 837 1192 ad
857 1131 970 1207 modum
990 1137 1086 1194 autem
1102 1125 1132 1186 in
1151 1121 1294 1206 primitiva
1315 1120 1455 1187 ecclesia

231 1227 337 1308 optimo
360 1227 500 1306 justoque
523 1223 624 1292 ordine
643 1241 691 1281 res
707 1219 921 1299 procedebant,
946 1215 987 1276 ita
1010 1214 1095 1278 etiam
1114 1213 1143 1274 ia
1162 1207 1344 1295 baptizandis
1362 1217 1455 1270 cate-

232 1311 382 1386 rlrumenis
398 1311 578 1392 singularem
595 1307 745 1371 habebant
761 1304 1012 1374 consuetudinem.
1043 1301 1109 1372 Νοο
1124 1298 1291 1380 promiscue
1306 1293 1456 1374 singulos

229 1402 383 1482 utriusque
400 1420 490 1460 sexus
514 1398 639 1468 infantes
657 1405 707 1458 aut
730 1393 844 1456 adultos
864 1413 922 1454 uno
948 1392 1107 1470 codemque
1131 1385 1197 1451 loco
1221 1385 1456 1464 immergebant,

229 1475 282 1551 scd
309 1488 361 1549 illa
385 1475 595 1568 κολυμβήθρα
620 1504 645 1548 s.
674 1482 790 1562 piscina
812 1479 903 1560 liguis
928 1479 996 1542 iude
1020 1497 1038 1542 a
1061 1487 1138 1540 terra
1163 1471 1356 1556 surgentibus
1383 1481 1459 1532 erat

231 1575 385 1651 distincta,
409 1577 483 1636 adeo
501 1583 532 1642 ut
548 1573 578 1640 in
594 1591 653 1633 una
669 1569 757 1650 hujus
775 1580 856 1650 parte
875 1565 1015 1642 masculi,
1040 1563 1071 1624 ia
1089 1564 1180 1627 altera
1197 1582 1266 1625 vcro
1284 1578 1376 1624 sexus
1395 1579 1457 1621 se·
1480 1603 1481 1640 3

192 1655 195 1661 ⁵
232 1664 315 1746 quior
333 1662 504 1742 baptismum
521 1655 768 1739 acciperent***).
784 1691 828 1702 -
852 1653 879 1736 ξ.
897 1657 927 1716 5.
945 1653 1014 1716 Mos
1032 1673 1089 1715 nen
1107 1650 1225 1715 omnino
1242 1646 1456 1730 vituperabilis
1480 1685 1481 1718 ,

231 1748 397 1812 invaluerat
414 1748 443 1808 io
460 1747 605 1832 primitiva
622 1743 765 1822 eeclesia,
788 1751 822 1812 ut
839 1742 944 1816 omnia,
958 1738 1044 1822 xquae
1062 1739 1170 1810 cnltnm
1188 1733 1336 1818 publicum
1357 1755 1459 1814 spec-

132 1829 135 1837 ’
175 1896 177 1900 .
232 1841 349 1916 tabant,
373 1835 496 1904 solemni
520 1833 622 1912 rito†)
648 1841 865 1900 consecrarent.
904 1829 1088 1908 Separabant
1109 1827 1164 1890 bor
1188 1825 1253 1906 ipso
1278 1833 1460 1889 arturesa

233 1923 378 1988 communi
402 1935 488 2006 atque
512 1919 679 2007 promiscuo
703 1941 761 1985 usu
785 1937 894 1999 easque
919 1916 1090 1996 sacras††)
1120 1917 1158 1978 ed
1185 1912 1292 1982 cultum
1317 1909 1459 1977 divinum

230 2086 461 2104 ——u———ss

234 2186 335 2232 zarent.
354 2175 495 2230 rAfricana
523 2191 623 2245 quoque
651 2175 762 2228 ecclesie
786 2175 812 2225 in
839 2175 962 2241 paschate
988 2179 1015 2224 et
1039 2175 1188 2239 pentecoste
1209 2169 1343 2236 baptizare
1372 2167 1460 2220 solita

234 2247 285 2301 init
305 2255 372 2299 teste
396 2247 556 2298 Tertulliano
581 2249 613 2295 de
637 2247 710 2308 bapt.
737 2243 779 2295 tc.
808 2244 867 2308 qui,
892 2244 958 2294 diem
983 2241 1162 2292 solemniorem
1186 2239 1323 2304 baptismi,
1354 2239 1456 2302 iuquit,

232 2319 482 2386 prestantissimi,
504 2332 561 2368 cum
581 2323 608 2366 et
627 2315 712 2382 passio
732 2311 849 2380 bomini,
872 2313 897 2362 iu
917 2327 992 2377 quam
1011 2311 1148 2374 tingimur,
1170 2308 1309 2374 adimpleta
1327 2313 1380 2356 cet.
1422 2305 1459 2356 Et
1480 2325 1481 2372 3

233 2387 324 2454 paucis
343 2387 487 2451 interjectis
506 2386 544 2436 ita
563 2384 658 2439 babet:
696 2380 795 2433 Exinde
814 2387 963 2447 pentecoste
984 2379 1133 2430 ordinandis
1158 2377 1271 2428 lavacris
1293 2375 1460 2429 latissimum

236 2457 347 2521 spatium
367 2463 415 2518 est,
436 2471 484 2522 quo
505 2453 644 2506 ctDomini
663 2449 819 2500 resurrectio
837 2450 905 2500 inter
923 2449 1061 2516 discipulos
1079 2447 1243 2514 frequentata
1261 2451 1301 2496 est
1319 2451 1346 2496 et
1365 2445 1461 2507 gratia
1480 2445 1481 2462 ¹

237 2524 349 2590 Spiritus
363 2523 390 2572 S.
405 2524 526 2573 dedicata
543 2528 570 2581 et
587 2535 646 2586 spes
665 2519 790 2576 adventus
804 2517 904 2568 Domini
922 2518 1085 2571 subostensa.
1096 2543 1129 2556 -
1141 2513 1197 2566 Nou
1209 2515 1263 2580 jam
1283 2528 1372 2567 eornm
1394 2529 1463 2562 cou-

143 2611 148 2626 =
235 2592 396 2642 suetudinem
415 2591 462 2640 sub
481 2604 589 2641 examen
607 2585 767 2649 vocabimus,
787 2587 829 2654 qui
850 2603 940 2638 nonam
957 2586 1073 2654 praeciae
1090 2585 1192 2635 sabbati
1210 2581 1341 2650 paschalis
1361 2582 1460 2634 boram

234 2659 363 2724 baptismo
384 2658 563 2719 destinabant,
590 2657 732 2728 dequibus
756 2655 809 2709 vid.
830 2655 961 2709 Vicecom.
984 2657 1015 2708 rie
1040 2655 1154 2722 antipate
1174 2651 1412 2717 baptismatibus
1435 2657 1461 2705 1.

234 2727 347 2784 nt-to.
370 2735 401 2776 ca
420 2727 520 2792 quidem
540 2725 644 2776 adducti
664 2717 781 2786 ratione,
809 2727 869 2791 qnia
889 2726 937 2776 bac
961 2726 1026 2774 bora
1044 2723 1095 2774 diei
1121 2722 1227 2786 angelus
1249 2721 1281 2770 ad
1302 2719 1461 2770 Cornelium

235 2795 337 2845 venerit
356 2811 463 2861 eumque
483 2795 654 2858 admonuerit,
676 2794 754 2844 atad
774 2793 877 2844 Petrum
896 2795 1020 2854 mitteret,
1037 2793 1080 2858 qui
1099 2807 1156 2841 cum
1176 2791 1332 2856 baptizaret.
1371 2787 1461 2840 Nobis

237 2863 303 2915 eninr
330 2865 377 2914 bac
403 2864 427 2914 iu
453 2879 480 2914 re
505 2864 606 2914 omnino
629 2863 732 2914 humani
753 2864 813 2928 quid
833 2863 901 2930 passi
923 2863 1052 2914 videntur.
1073 2859 1127 2912 ‘lic
1155 2867 1270 2928 ternpore
1299 2863 1387 2910 autem
1401 2859 1462 2909 'ba-

235 2933 322 3000 ptismi
342 2933 490 2986 solemniori
510 2933 569 2984 ride
589 2931 794 2998 Qucastedtium‚
813 2934 842 2982 ia
859 2931 1059 3000 antiquitatibus
1076 2929 1137 2982 bibi.
1159 2937 1184 2978 et
1203 2929 1291 2990 eccles.
1312 2943 1338 2994 p.
1352 2927 1406 2980 ³65
1418 2943 1459 2980 ss.

304 3016 334 3084 *)
358 3021 432 3086 orep.
450 3021 522 3075 Ercl.
539 3020 566 3086 8,
589 3019 614 3072 7.

304 3120 349 3188 **)
370 3121 468 3183 Bionis.
489 3123 507 3175 i.
527 3139 548 3176 c.
569 3120 595 3173 7.
618 3122 644 3189 §.
666 3121 691 3173 l.

234 3231 236 3236 '
304 3221 361 3288 ***)
388 3223 538 3274 Deliberato
566 3221 649 3274 enimn
682 3238 732 3274 nou
758 3223 791 3274 ad
816 3223 900 3274 locum
924 3219 1062 3286 Augustini
1094 3221 1126 3270 de
1158 3220 1205 3274 αὐ.
1233 3221 1292 3275 Dei.
1318 3221 1363 3278 22.
1395 3239 1461 3278 cum

236 3293 377 3354 Bingbamo
403 3292 511 3356 aliisque
538 3306 722 3356 provocamus,
753 3292 877 3358 siquidem
903 3293 1012 3345 manime
1032 3291 1124 3345 dubius
1145 3297 1222 3356 atque
1243 3297 1354 3344 rexatus
1379 3295 1461 3345 nobis

235 3361 349 3410 videtur.
379 3357 434 3409 Non
454 3359 520 3410 enirn
540 3359 648 3410 disserte
666 3360 769 3423 asserit,
789 3361 854 3427 quod
873 3361 937 3412 baec
955 3375 1025 3426 pars,
1045 3375 1119 3426 quam
1137 3359 1251 3426 appellat
1270 3359 1459 3428 foeminarum,

237 3429 317 3478 luerit
335 3429 360 3478 in
381 3421 561 3492 κολυμβήθρᾳ
581 3443 603 3478 s.
626 3429 739 3494 piscina,
760 3429 848 3480 sedin
869 3444 962 3494 genere
982 3429 1046 3478 dicit
1064 3429 1142 3480 inisse
1162 3435 1261 3493 partem
1280 3428 1460 3484 foeminarum
1480 3423 1481 3426 ¹

236 3497 262 3546 in
283 3497 444 3562 baptisterio,
465 3495 496 3546 ud
516 3511 590 3566 quarn
611 3497 745 3548 attendere
764 3498 883 3549 debuerit
901 3497 1013 3548 foemina
1031 3497 1077 3550 illa
1097 3503 1244 3560 aegrotans.
1275 3496 1345 3550 ilaec
1366 3508 1481 3552 autern¹

237 3566 367 3631 separatio
388 3565 518 3616 comrrroda
543 3566 620 3618 etiam
645 3565 675 3616 de
700 3565 743 3618 iila
768 3565 851 3632 accipi
877 3570 977 3633 potest,
1002 3581 1052 3631 qua
1077 3566 1208 3634 primitiva
1228 3565 1340 3620 ecclesia
1362 3569 1461 3622 sedulo

223 3636 348 3698 curarit,
367 3641 397 3684 ut
415 3635 515 3700 quoties
532 3635 582 3684 riri
602 3634 700 3702 pariter
719 3641 745 3686 et
764 3635 891 3686 foeminae
910 3635 935 3686 in
955 3635 1037 3702 sacris
1057 3635 1235 3698 convenircnt‚
1257 3651 1272 3686 e
1291 3651 1319 3686 se
1339 3635 1462 3692 invicem

230 3704 320 3770 ¹spatio
338 3704 445 3769 quodam
465 3703 601 3768 interjecto
624 3704 841 3766 disjungerentur.
878 3701 930 3754 Nos
950 3703 1035 3768 potius
1054 3719 1098 3770 pro
1118 3703 1260 3754 asserenda
1278 3703 1327 3757 bac
1348 3714 1463 3760 serten-

236 3773 273 3822 tia
294 3788 462 3838 provocamus
481 3773 513 3822 ad
533 3771 622 3838 Cyrilli
643 3771 869 3840 Hierosolymitani
887 3771 1077 3836 testimonium,
1104 3771 1146 3838 qui
1171 3771 1196 3824 iu
1217 3771 1370 3826 catechesis
1390 3787 1481 3828 suae*

236 3842 398 3906 praelatione
418 3848 519 3904 mouet,
542 3848 571 3890 ut
589 3841 637 3892 viri
655 3857 711 3892 enm
730 3841 793 3892 viris
812 3848 839 3892 et
856 3841 976 3890 mulieres
996 3857 1053 3892 cum
1072 3841 1223 3895 mulieribus
1241 3841 1268 3892 iu
1286 3843 1462 3910 suscipiendo

236 3907 391 3972 baptismate
410 3925 438 3960 se
456 3909 623 3974 conjungant.
654 3909 691 3960 Eo
710 3911 777 3962 euim
796 3916 910 3975 tempore
929 3909 1087 3960 consuetudo
1107 3911 1265 3975 postulabat,
1286 3919 1316 3962 ut
1334 3913 1462 3966 vestibus

237 3975 360 4039 depositis
378 3977 530 4043 baptismum
551 3979 714 4043 acciperent,
741 3979 855 4044 adeoque
875 3993 931 4027 cum
950 3977 1036 4043 plures
1056 3979 1137 4028 adulti
1158 3979 1293 4047 utriusque
1317 3997 1399 4033 sexus
1420 3985 1462 4036 si-

236 4043 290 4096 mul
307 4045 511 4110 baptizarentur,
532 4046 623 4112 pudori
643 4047 690 4097 boc
708 4047 791 4098 medio
810 4045 944 4098 consulere
961 4047 1024 4114 ipsis
1042 4047 1151 4116 placuit.
1480 4017 1481 4074 l

305 4147 340 4214 †>
358 4145 396 4197 De
415 4147 507 4200 ritibus
524 4148 727 4200 consecrationis
745 4149 798 4200 vid.
819 4153 963 4216 Spartogma
981 4151 1148 4202 Salmariem.
1168 4156 1199 4200 Ρ.
1219 4155 1273 4206 ΙΙΙ.
1291 4167 1322 4217 p.
1341 4151 1405 4206 tte.
1418 4203 1429 4214 ,

306 4250 363 4318 ††)
382 4247 438 4303 Nou
454 4265 509 4302 eam
523 4251 549 4300 b.
564 4251 582 4302 1.
598 4267 673 4318 qaam
683 4249 879 4302 Romanensiom
896 4253 1046 4318 superstitio
1064 4261 1169 4306 strenue
1190 4253 1307 4306 defendit
1326 4259 1459 4314 sanctita-

236 4324 298 4383 tcrn,
318 4335 369 4384 qua
387 4334 428 4369 res
448 4319 572 4385 peculiari
592 4321 717 4388 qualitate
735 4320 865 4388 instructa
882 4336 897 4384 a
914 4321 990 4372 laicis
1007 4323 1078 4392 tangi
1096 4339 1145 4374 uon
1166 4323 1269 4386 debeat,
1289 4325 1457 4379 intellectam

236 4389 364 4442 volumus.
402 4385 472 4439 llaec
497 4389 563 4442 crim
591 4405 607 4440 a
634 4395 718 4438 urente
741 4387 944 4442 Christianorum
971 4397 1086 4444 veteram
1114 4391 1163 4452 ruit
1191 4393 1362 4450 alienissima.
1402 4396 1456 4448 Scd

237 4455 311 4513 uobis
328 4457 355 4512 b.
373 4457 394 4536 l·
413 4458 539 4512 sunctitm
556 4458 624 4516 idem
642 4463 683 4508 est
701 4471 731 4512 ac
749 4457 887 4524 destinatio
906 4459 939 4532 aii
957 4473 1047 4522 sacros
1063 4475 1135 4514 nnus.
1318 4452 1320 4460 ’

571 4563 591 4598 1
