2942 4892
127 357 134 374 ,
227 283 296 360 hbd
574 289 577 298 ’
656 293 766 361 llhlll.
797 287 1028 382 Obrishlieyer
1153 289 1159 300 ’

231 475 348 538 eosdem
365 473 538 555 poeniteret,
556 472 753 558 poeniteutiae
769 473 908 555 publicae
924 469 1044 556 legibus
1052 471 1173 536 Patrem
1189 473 1308 534 decreto
1325 463 1436 532 illerum*

230 581 342 638 omnes,
360 560 493 643 quamvis
510 561 646 642 conpari
663 563 769 640 gradu,
787 561 922 644 subjecti,
938 563 1076 644 majorem
1092 570 1188 623 tamen
1204 559 1236 620 in
1253 556 1426 622 Sauriieatns

230 660 259 714 et
276 649 492 726 Thuridcatos,
516 669 602 731 quarn
619 649 648 710 in
665 649 857 712 libellaticos
873 649 1045 731 disciplinae
1061 669 1135 712 suae
1150 647 1281 728 rigorem
1298 655 1426 709 statuente

230 737 366 800 ecelesia.
399 771 442 786 «-
475 734 549 820 §.tt
574 737 708 800 Eundem
724 757 817 819 aeque
837 737 1071 820 experiebantur,
1088 735 1138 819 qni
1157 739 1296 800 moeobiea
1312 738 1425 798 etham·

230 827 294 890 etto
317 823 490 888 criminibus
517 843 585 887 sese
611 825 888 888 contaminaverant.
935 826 1028 888 liram
1050 825 1127 888 enim
1152 825 1226 886 haec
1255 823 1312 885 tria
1336 821 1424 884 delicta

230 935 344 977 summa
359 924 388 976 et
403 912 555 990 canonica,
572 933 695 995 qnorum
714 933 781 974 roos
799 913 972 995 disciplinae
984 913 1125 977 severiori
1141 922 1168 974 et
1179 910 1336 973 multorum
1353 929 1424 989 saepe

230 1020 373 1065 annornm
393 999 589 1083 poenitentiae
604 1001 742 1082 publicae
762 1002 916 1064 addicebat
934 1001 1072 1064 eeclesia.
1102 1000 1221 1081 Septem
1241 996 1370 1060 maculas
1383 1017 1423 1058 ca·

227 1088 361 1172 pitulium
386 1088 557 1152 delictorum
581 1097 720 1150 memorat
742 1087 962 1166 Tertullianus,
994 1092 1200 1161 idololatriam,
1232 1089 1423 1165 blasphemius,

195 1219 200 1236 .
224 1179 415 1250 ‚homicidium
431 1179 608 1254 adulterinam,
626 1187 762 1258 stupeam,
781 1179 887 1252 suham
905 1183 1098 1250 testimoniam,
1116 1177 1258 1252 frondem.
1292 1176 1423 1235 Adversus

229 1263 375 1327 Marcion.
390 1263 422 1344 d,
440 1266 459 1326 ll
478 1275 506 1326 et
523 1267 558 1326 de
575 1264 715 1345 pudicitia
733 1263 950 1340 altestatur,
973 1285 1024 1326 eos
1041 1261 1341 1326 amisisseciritateu
1355 1279 1422 1322 suan

230 1351 437 1430 christianam,
461 1352 512 1433 qui
536 1353 649 1434 stupris
671 1349 905 1434 libidinibusque
928 1371 960 1414 se
986 1351 1151 1434 polluerint.
1188 1353 1327 1431 Reliquos
1342 1359 1421 1418 ιιιιιιι,

229 1439 287 1518 ait,
312 1443 454 1505 libidinum
476 1443 572 1517 furius
589 1447 733 1521 impiaret
749 1445 777 1501 in
800 1461 917 1521 corporo
941 1450 967 1502 et
987 1447 1017 1502 in
1038 1457 1124 1500 senne
1145 1439 1221 1499 oltra
1239 1441 1310 1517 p'urn
1324 1447 1420 1497 neturus

227 1549 284 1591 aon
310 1529 389 1590 motio
408 1531 518 1602 limine,
540 1549 634 1590 noram
652 1534 727 1589 omni
751 1530 880 1590 molesios
901 1538 969 1590 teoto
990 1530 1194 1602 submonemus,
1218 1531 1288 1607 qnia
1305 1545 1357 1586 noa
1371 1531 1421 1582 ιιιιι

228 1617 342 1689 delicto,
369 1618 417 1678 sed
433 1627 568 1678 ιιιιιιιιιιι.
612 1615 674 1676 lano
697 1614 862 1694 existimat,
885 1617 980 1694 tidelm
1003 1615 1146 1694 pentilinm
1168 1617 1349 1676 matrimonio
1368 1611 1420 1670 mb-

228 1715 331 1778 enntee,
354 1709 445 1786 etnpri
459 1725 521 1766 reos
537 1723 605 1778 ease,
620 1707 686 1766 hino
702 1705 836 1766 arcendos
851 1705 885 1766 od
902 1711 977 1765 omni
995 1708 1241 1764 communicatione
1255 1701 1420 1776 frohmitntia

228 1789 283 1876 (ad
299 1791 390 1854 Uxor.
404 1791 435 1867 2,
451 1791 498 1872 3).
542 1789 645 1854 Εἰιιιι
664 1811 808 1854 censurao
826 1791 950 1874 subjecti
968 1789 1052 1852 fuere
1062 1837 1070 1868 ,
1086 1789 1135 1870 qni
1153 1808 1172 1850 a
1190 1787 1324 1850 doctriua
1337 1783 1420 1847 catlo·

228 1879 285 1941 lica
297 1881 333 1940 ad
351 1878 513 1941 haereticos
530 1879 708 1957 deiecerant,
726 1879 814 1960 rigidi
832 1879 918 1942 etiam
935 1878 1019 1940 luero
1035 1889 1135 1960 patres
1150 1875 1255 1941 seculo
1270 1875 1319 1939 tv.
1333 1875 1359 1934 in
1374 1871 1419 1932 alia

220 1965 456 2047 delinquentium
474 1985 602 2046 genera,
621 1989 678 2052 qno
694 1967 862 2030 referebant
876 1966 1032 2028 foeminam
1051 1975 1260 2046 procurantem
1277 1961 1331 2024 sibi
1347 1962 1417 2022 ahor·

227 2063 297 2129 tum,
314 2064 363 2114 ant
379 2073 416 2115 ne
432 2054 598 2136 conciperet
615 2055 833 2132 elaborantenn3
859 2054 1036 2116 divertentes
1051 2054 1089 2114 ab
1105 2051 1252 2114 osembus
1267 2061 1317 2112 aut
1332 2059 1417 2110 tenere

227 2159 279 2202 aas
296 2140 500 2220 repudianteee
523 2159 632 2204 usuras
656 2143 834 2224 accipientes
853 2153 903 2206 aut
920 2142 1238 2218 doenusoxerrentes,
1264 2134 1416 2214 sacrilegos,

229 2227 422 2304 divinatores,
440 2226 570 2290 hariolos
586 2227 737 2312 aliosque,
765 2231 887 2292 erimina
903 2249 974 2292 saue
991 2227 1169 2312 poenitentia
1186 2225 1304 2289 nonnisi
1320 2221 1416 2306 publiea

226 2314 335 2378 luenda
351 2315 449 2395 rigore
466 2335 610 2380 canonum
627 2318 812 2396 illiberitani,
830 2318 993 2402 Ancyrani,
1011 2315 1184 2393 Laodiceni,
1201 2310 1415 2378 Neocaesnrien·

225 2403 268 2466 sis
284 2403 486 2482 conciliorum,
504 2425 551 2486 ap.
567 2405 612 2470 lo.
629 2405 813 2470 llarduiuum
831 2406 918 2468 Tum.
938 2405 959 2466 l.
976 2403 1137 2467 concilior.
1175 2401 1240 2465 Nec
1257 2403 1293 2465 ab
1308 2400 1355 2462 illa
1369 2397 1413 2458 l’n·

227 2497 302 2552 trum
329 2501 357 2553 ot
381 2487 527 2555 ecelesiae
548 2513 674 2556 censura
697 2492 783 2556 liberi
808 2503 890 2556 erant
907 2491 1083 2570 Christiani,
1110 2492 1136 2554 si
1161 2501 1257 2556 matus
1273 2489 1335 2566 sui,
1356 2483 1414 2567 quoi

227 2577 387 2641 Christiani
404 2590 511 2657 essent,
530 2579 623 2656 obliti,
643 2579 738 2642 seculi
757 2579 847 2662 hujus
862 2599 971 2664 pompa
986 2589 1014 2642 et
1030 2579 1219 2657 vanitatibus,
1239 2597 1314 2660 quae
1328 2589 1413 2637 sensus

225 2665 446 2748 permulcebant
461 2667 635 2750 animosque
652 2667 852 2745 oblectabant,
870 2669 1070 2743 traherentur,
1094 2687 1198 2748 nempe
1214 2666 1241 2728 si
1259 2657 1413 2747 spectaculis

226 2753 379 2834 gentilium
399 2755 594 2832 interessent,
616 2753 697 2817 ludis
721 2755 849 2818 scenicis
873 2767 901 2820 et
918 2755 1126 2833 theatralibus,
1153 2755 1288 2816 studiose
1303 2773 1320 2813 a
1334 2771 1362 2812 se
1377 2747 1413 2808 lu·

109 2853 113 2865 “
226 2842 353 2922 giesdis.
386 2843 468 2908 Dore
486 2845 641 2906 admodum
665 2853 694 2906 et
716 2862 836 2922 severe,
860 2845 909 2927 qni
934 2843 972 2905 iis
990 2841 1223 2920 delectarentur,
1247 2834 1414 2924 peculiariis

225 2934 390 3008 epentncmta
412 2929 487 2993 libro
512 2931 540 2994 ia
566 2951 617 3008 eos
642 2929 845 2994 animadvertit
861 2929 1078 2996 Tertullianus.
1119 2926 1242 2994 Scilicet
1265 2927 1415 2992 haeserant

225 3014 279 3078 illa
295 3016 403 3080 diaboli
421 3037 526 3100 opera,
551 3017 658 3082 noxiae
672 3018 766 3082 seculi
783 3019 956 3102 cupiditates
979 3028 1007 3082 et
1028 3037 1132 3101 pompa
1149 3018 1306 3091 Sataniea,
1328 3012 1413 3096 quibos

163 3119 167 3133 ’
225 3105 456 3168 renunciandum
475 3116 537 3168 erat
553 3106 705 3183 omnihus,
729 3107 779 3189 qui
796 3105 980 3190 baptismatis
1004 3105 1122 3170 lavaero
1139 3105 1340 3186 tingebantur,
1363 3113 1413 3158 ιιι

224 3195 261 3256 ad
287 3193 464 3255 christianae
486 3191 643 3274 religionis
667 3195 849 3260 sanctitatem
867 3197 1049 3259 accederent.
1094 3195 1172 3257 Hinc
1200 3191 1411 3257 Satrianus:

223 3286 254 3343 ia
269 3283 432 3359 epeotncnlis
447 3284 583 3362 quaedum
604 3289 750 3363 opoctnain
773 3283 837 3360 fidei
853 3295 895 3346 ιιι
918 3283 966 3363 (de
979 3285 1174 3362 psalmatione
1188 3289 1252 3362 Dei,
1269 3283 1298 3359 6,
1314 3301 1339 3360 p·
1353 3269 1411 3344 ²⁰7·

225 3369 271 3432 ed.
288 3367 437 3448 itinera).
468 3368 568 3446 Quare
585 3389 651 3432 enm
669 3369 706 3432 iis
724 3371 867 3434 interesse
883 3370 1043 3434 Christiani
1062 3365 1410 3453 pertranseuntium

224 3475 341 3538 quoqne
366 3466 393 3516 et
416 3455 561 3520 ecclesias
584 3455 705 3520 dubium
725 3478 785 3520 non
810 3469 855 3522 est
880 3458 1055 3522 incursuros
1077 3458 1173 3522 luisse
1197 3453 1410 3544 indignationem,

224 3543 273 3625 qui
291 3542 395 3606 iisdem
413 3543 535 3606 immixti
552 3543 655 3608 oeulos
673 3555 701 3608 ιι
716 3565 804 3610 aures
821 3543 995 3628 polluerant.
1026 3581 1066 3594 -
1103 3545 1131 3630 ᾗ.
1148 3547 1179 3610 9.
1202 3547 1266 3610 lam
1282 3543 1377 3624 igilur,
1391 3551 1409 3592 ¹¹

224 3651 309 3714 quern
327 3631 447 3694 haberet
463 3632 605 3710 eeclesia,
629 3655 714 3715 quem
731 3635 867 3716 graviora
884 3634 1053 3698 obstrictum
1073 3635 1212 3698 tenebant
1227 3631 1356 3702 crimina.
1369 3635 1410 3684 ιιι

224 3739 289 3782 eum
307 3720 511 3783 communione
526 3721 701 3784 excludebat
716 3722 853 3804 omnique
868 3722 1021 3804 iudignum
1038 3721 1225 3786 existimabat
1240 3741 1304 3784 enm
1327 3707 1409 3777 ceteris

220 3804 359 3870 dontibus
382 3808 519 3872 familiari
546 3809 731 3872 commercio.
775 3809 839 3872 Noa
863 3820 958 3874 tarmen
985 3819 1117 3873 assumta
1141 3810 1239 3872 statim
1253 3803 1354 3892 judicis
1367 3815 1408 3858 ιι·

224 3892 357 3956 sterioris
375 3897 529 3960 serenitate
546 3899 612 3960 curu
629 3895 797 3958 facinoroso
815 3907 844 3960 at
861 3897 1068 3980 impoenitente
1085 3896 1138 3960 illa
1154 3901 1278 3978 agebat,
1300 3891 1347 3954 sed
1363 3881 1408 3967 pfl·

224 3999 301 4042 mum
317 4001 383 4042 enan
400 3985 543 4060 monebat,
560 3992 620 4048 tum
637 3985 867 4066 reprehendebat
884 4006 982 4048 eoram
1003 3985 1156 4066 concione,
1175 3984 1344 4068 objurgabat
1357 3989 1407 4036 ιιι

219 4065 404 4132 vehementia
422 4091 473 4150 per
488 4074 676 4156 presbyteros
693 4080 721 4134 et
737 4073 936 4155 praepositos,
960 4095 998 4136 an
1014 4073 1090 4136 lorte
1107 4073 1137 4136 in
1154 4073 1230 4136 riam
1248 4067 1340 4136 reduci
1355 4077 1408 4144 pas·

223 4163 285 4231 set,
310 4151 360 4236 qui
377 4177 395 4218 a
413 4168 493 4220 recto
510 4161 623 4223 tramite
647 4170 704 4241 tarn
722 4161 844 4243 turpiter
864 4163 1075 4225 aberraverati
1108 4161 1217 4228 'lerum
1235 4161 1260 4223 si
1278 4161 1406 4220 contumax

222 4253 360 4322 peccator
376 4256 456 4308 esset
473 4244 610 4328 vitiisque
625 4249 666 4309 ita
682 4247 828 4320 inlectus,
856 4258 886 4311 ut
909 4252 947 4311 ob
974 4249 1078 4312 mentis
1100 4249 1316 4332 perversitatem
1338 4243 1368 4300 de
1382 4249 1406 4293 ‘⁰

222 4349 292 4410 spes
310 4331 520 4394 emendationis
539 4353 596 4395 nun
615 4347 794 4416 superesset,
817 4347 877 4400 tum
894 4340 1008 4402 demun
1025 4357 1092 4414 usa,
1116 4360 1174 4422 qna
1189 4339 1322 4422 pollebat,
1342 4330 1405 4408 potc-

222 4427 313 4496 state,
338 4417 456 4495 cognito
475 4421 566 4500 probe
582 4421 714 4503 satisque
730 4436 883 4506 perspecto
901 4426 1038 4505 erimine,
1061 4427 1210 4490 bominem
1229 4436 1283 4492 tam
1299 4413 1405 4485 obstina-

222 4511 299 4585 tum,
317 4515 454 4590 tauquam
471 4506 606 4571 sancium
623 4513 802 4591 membrum,
822 4531 977 4598 acorpnre
994 4516 1165 4598 amputabat
1180 4513 1319 4590 sectata,
1340 4511 1404 4587 quau
