<?xml version="1.0" encoding="UTF-8"?>
<!DOCTYPE html PUBLIC "-//W3C//DTD XHTML 1.0 Transitional//EN"
    "http://www.w3.org/TR/xhtml1/DTD/xhtml1-transitional.dtd">
<html xmlns="http://www.w3.org/1999/xhtml" xml:lang="en" lang="en">
 <head>
  <title>
</title>
<meta http-equiv="Content-Type" content="text/html;charset=utf-8" />
  <meta name='ocr-system' content='tesseract 3.04.00' />
  <meta name='ocr-capabilities' content='ocr_page ocr_carea ocr_par ocr_line ocrx_word'/>
</head>
<body>
  <div class='ocr_page' id='page_1' title='image "./thesauruscommen00volbgoog_0126.png"; bbox 0 0 2968 4896; ppageno 0'>
   <div class='ocr_carea' id='block_1_1' title="bbox 353 177 1280 262">
    <p class='ocr_par' dir='ltr' id='par_1_1' title="bbox 353 177 1280 262">
     <span class='ocr_line' id='line_1_1' title="bbox 353 177 1280 262; baseline 0.017 -22"><span class='ocrx_word' id='word_1_1' title='bbox 353 179 392 242; x_wconf 83' lang='lat' dir='ltr'><strong>ds</strong></span> <span class='ocrx_word' id='word_1_2' title='bbox 404 177 585 262; x_wconf 83' lang='lat' dir='ltr'><strong>baptisteriis</strong></span> <span class='ocrx_word' id='word_1_3' title='bbox 602 177 734 254; x_wconf 82' lang='lat' dir='ltr'><strong>vetorum</strong></span> <span class='ocrx_word' id='word_1_4' title='bbox 750 181 994 251; x_wconf 80' lang='lat' dir='ltr'><strong>Christianorum.</strong></span> <span class='ocrx_word' id='word_1_5' title='bbox 1056 231 1060 238; x_wconf 80' lang='lat'><strong>·</strong></span> <span class='ocrx_word' id='word_1_6' title='bbox 1152 229 1156 241; x_wconf 82' lang='lat'><strong>·</strong></span> <span class='ocrx_word' id='word_1_7' title='bbox 1216 189 1280 256; x_wconf 75' lang='lat'><strong>110</strong></span> 
     </span>
    </p>
   </div>
   <div class='ocr_carea' id='block_1_2' title="bbox 11 349 1347 4024">
    <p class='ocr_par' dir='ltr' id='par_1_2' title="bbox 11 349 1311 3850">
     <span class='ocr_line' id='line_1_2' title="bbox 59 349 1279 445; baseline 0.012 -33"><span class='ocrx_word' id='word_1_8' title='bbox 59 351 143 413; x_wconf 86' lang='lat' dir='ltr'><strong>enim</strong></span> <span class='ocrx_word' id='word_1_9' title='bbox 161 349 193 411; x_wconf 85' lang='lat' dir='ltr'><strong>in</strong></span> <span class='ocrx_word' id='word_1_10' title='bbox 210 359 373 415; x_wconf 76' lang='lat' dir='ltr'><strong>summost..</strong></span> <span class='ocrx_word' id='word_1_11' title='bbox 385 351 415 414; x_wconf 92' lang='lat' dir='ltr'><strong>iu</strong></span> <span class='ocrx_word' id='word_1_12' title='bbox 434 353 518 434; x_wconf 87' lang='lat' dir='ltr'><strong>epist.</strong></span> <span class='ocrx_word' id='word_1_13' title='bbox 538 355 652 419; x_wconf 89' lang='lat' dir='ltr'><strong>Pauliu.</strong></span> <span class='ocrx_word' id='word_1_14' title='bbox 672 356 836 438; x_wconf 86' lang='lat' dir='ltr'><strong>exemplum</strong></span> <span class='ocrx_word' id='word_1_15' title='bbox 850 379 962 420; x_wconf 80' lang='lat' dir='ltr'><strong>eorum</strong></span> <span class='ocrx_word' id='word_1_16' title='bbox 988 359 1124 442; x_wconf 83' lang='lat' dir='ltr'><strong>subjicit,</strong></span> <span class='ocrx_word' id='word_1_17' title='bbox 1150 363 1199 443; x_wconf 89' lang='lat' dir='ltr'><strong>qni</strong></span> <span class='ocrx_word' id='word_1_18' title='bbox 1226 385 1279 445; x_wconf 92' lang='lat' dir='ltr'><strong>pro</strong></span> 
     </span>
     <span class='ocr_line' id='line_1_3' title="bbox 58 439 1279 524; baseline 0.009 -22"><span class='ocrx_word' id='word_1_19' title='bbox 58 440 188 502; x_wconf 87' lang='lat' dir='ltr'><strong>mortuis</strong></span> <span class='ocrx_word' id='word_1_20' title='bbox 204 439 436 520; x_wconf 69' lang='lat' dir='ltr'>baptizabantur,</span> <span class='ocrx_word' id='word_1_21' title='bbox 454 442 479 502; x_wconf 90' lang='lat' dir='ltr'><strong>si</strong></span> <span class='ocrx_word' id='word_1_22' title='bbox 499 463 583 523; x_wconf 88' lang='lat' dir='ltr'><strong>quom</strong></span> <span class='ocrx_word' id='word_1_23' title='bbox 600 465 676 504; x_wconf 81' lang='lat' dir='ltr'><strong>mors</strong></span> <span class='ocrx_word' id='word_1_24' title='bbox 693 447 904 524; x_wconf 87' lang='lat' dir='ltr'><strong>praevenisset,</strong></span> <span class='ocrx_word' id='word_1_25' title='bbox 922 447 1064 524; x_wconf 85' lang='lat' dir='ltr'><strong>timentes,</strong></span> <span class='ocrx_word' id='word_1_26' title='bbox 1083 462 1186 510; x_wconf 87' lang='lat' dir='ltr'><strong>aeaut</strong></span> <span class='ocrx_word' id='word_1_27' title='bbox 1204 453 1279 514; x_wconf 84' lang='lat' dir='ltr'><strong>male</strong></span> 
     </span>
     <span class='ocr_line' id='line_1_4' title="bbox 59 529 1279 610; baseline 0.007 -20"><span class='ocrx_word' id='word_1_28' title='bbox 59 539 112 590; x_wconf 87' lang='lat' dir='ltr'><strong>aut</strong></span> <span class='ocrx_word' id='word_1_29' title='bbox 131 548 190 588; x_wconf 92' lang='lat' dir='ltr'><strong>non</strong></span> <span class='ocrx_word' id='word_1_30' title='bbox 210 529 389 608; x_wconf 80' lang='lat' dir='ltr'><strong>resdrgeret,</strong></span> <span class='ocrx_word' id='word_1_31' title='bbox 413 529 463 609; x_wconf 92' lang='lat' dir='ltr'><strong>qui</strong></span> <span class='ocrx_word' id='word_1_32' title='bbox 481 532 716 610; x_wconf 74' lang='lat' dir='ltr'><strong>baptizatusnon</strong></span> <span class='ocrx_word' id='word_1_33' title='bbox 736 533 841 608; x_wconf 87' lang='lat' dir='ltr'><strong>fuerat,</strong></span> <span class='ocrx_word' id='word_1_34' title='bbox 867 533 949 594; x_wconf 85' lang='lat' dir='ltr'><strong>rivus</strong></span> <span class='ocrx_word' id='word_1_35' title='bbox 968 536 1083 596; x_wconf 88' lang='lat' dir='ltr'><strong>nomine</strong></span> <span class='ocrx_word' id='word_1_36' title='bbox 1095 538 1201 597; x_wconf 88' lang='lat' dir='ltr'><strong>mortui</strong></span> <span class='ocrx_word' id='word_1_37' title='bbox 1220 539 1279 599; x_wconf 90' lang='lat' dir='ltr'><strong>tin-</strong></span> 
     </span>
     <span class='ocr_line' id='line_1_5' title="bbox 61 615 1279 697; baseline 0.011 -23"><span class='ocrx_word' id='word_1_38' title='bbox 61 619 203 695; x_wconf 82' lang='lat' dir='ltr'><strong>gebatur.</strong></span> <span class='ocrx_word' id='word_1_39' title='bbox 242 615 306 690; x_wconf 91' lang='lat' dir='ltr'><strong>llli,</strong></span> <span class='ocrx_word' id='word_1_40' title='bbox 332 616 380 695; x_wconf 91' lang='lat' dir='ltr'><strong>qui</strong></span> <span class='ocrx_word' id='word_1_41' title='bbox 399 617 538 678; x_wconf 85' lang='lat' dir='ltr'><strong>historiae</strong></span> <span class='ocrx_word' id='word_1_42' title='bbox 556 619 628 679; x_wconf 78' lang='lat' dir='ltr'><strong>eccl.</strong></span> <span class='ocrx_word' id='word_1_43' title='bbox 645 621 730 680; x_wconf 89' lang='lat' dir='ltr'><strong>uobis</strong></span> <span class='ocrx_word' id='word_1_44' title='bbox 747 623 865 680; x_wconf 87' lang='lat' dir='ltr'><strong>tradunt</strong></span> <span class='ocrx_word' id='word_1_45' title='bbox 882 632 1080 697; x_wconf 84' lang='lat' dir='ltr'><strong>monumenta,</strong></span> <span class='ocrx_word' id='word_1_46' title='bbox 1105 626 1279 688; x_wconf 85' lang='lat' dir='ltr'><strong>mentionem</strong></span> 
     </span>
     <span class='ocr_line' id='line_1_6' title="bbox 60 703 1278 792; baseline 0.009 -29"><span class='ocrx_word' id='word_1_47' title='bbox 60 703 178 764; x_wconf 78' lang='lat' dir='ltr'><strong>farciunt</strong></span> <span class='ocrx_word' id='word_1_48' title='bbox 196 705 376 782; x_wconf 87' lang='lat' dir='ltr'><strong>quorundam</strong></span> <span class='ocrx_word' id='word_1_49' title='bbox 395 703 617 780; x_wconf 89' lang='lat' dir='ltr'><strong>haereticorum,</strong></span> <span class='ocrx_word' id='word_1_50' title='bbox 643 707 719 767; x_wconf 90' lang='lat' dir='ltr'><strong>iuter</strong></span> <span class='ocrx_word' id='word_1_51' title='bbox 736 728 809 787; x_wconf 89' lang='lat' dir='ltr'><strong>quos</strong></span> <span class='ocrx_word' id='word_1_52' title='bbox 825 707 873 767; x_wconf 87' lang='lat' dir='ltr'><strong>hic</strong></span> <span class='ocrx_word' id='word_1_53' title='bbox 889 709 1052 788; x_wconf 77' lang='lat' dir='ltr'>baptismus</span> <span class='ocrx_word' id='word_1_54' title='bbox 1070 731 1127 771; x_wconf 90' lang='lat' dir='ltr'><strong>usu</strong></span> <span class='ocrx_word' id='word_1_55' title='bbox 1143 721 1278 792; x_wconf 84' lang='lat' dir='ltr'><strong>receptus</strong></span> 
     </span>
     <span class='ocr_line' id='line_1_7' title="bbox 11 789 1278 872; baseline 0.01 -23"><span class='ocrx_word' id='word_1_56' title='bbox 11 855 12 860; x_wconf 40' lang='lat'><strong>.</strong></span> <span class='ocrx_word' id='word_1_57' title='bbox 61 790 154 852; x_wconf 86' lang='lat' dir='ltr'><strong>fuerit</strong></span> <span class='ocrx_word' id='word_1_58' title='bbox 175 790 314 850; x_wconf 87' lang='lat' dir='ltr'><strong>vicarius.</strong></span> <span class='ocrx_word' id='word_1_59' title='bbox 352 791 532 853; x_wconf 82' lang='lat' dir='ltr'><strong>Cerinthiaui</strong></span> <span class='ocrx_word' id='word_1_60' title='bbox 559 794 677 854; x_wconf 83' lang='lat' dir='ltr'><strong>luerunt</strong></span> <span class='ocrx_word' id='word_1_61' title='bbox 700 813 761 856; x_wconf 87' lang='lat' dir='ltr'><strong>see.</strong></span> <span class='ocrx_word' id='word_1_62' title='bbox 778 795 801 856; x_wconf 93' lang='grc' dir='ltr'><strong>Ι.</strong></span> <span class='ocrx_word' id='word_1_63' title='bbox 825 789 982 872; x_wconf 77' lang='lat' dir='ltr'><strong>haeretici,</strong></span> <span class='ocrx_word' id='word_1_64' title='bbox 1008 797 1136 858; x_wconf 77' lang='lat' dir='ltr'><strong>cerinthi</strong></span> <span class='ocrx_word' id='word_1_65' title='bbox 1154 801 1278 862; x_wconf 86' lang='lat' dir='ltr'><strong>hominis</strong></span> 
     </span>
     <span class='ocr_line' id='line_1_8' title="bbox 62 875 1294 964; baseline 0.006 -24"><span class='ocrx_word' id='word_1_66' title='bbox 62 877 249 958; x_wconf 71' lang='lat' dir='ltr'><strong>spurcissimi</strong></span> <span class='ocrx_word' id='word_1_67' title='bbox 274 875 410 955; x_wconf 78' lang='lat' dir='ltr'><strong>soboles,</strong></span> <span class='ocrx_word' id='word_1_68' title='bbox 435 880 597 960; x_wconf 77' lang='lat' dir='ltr'><strong>quiritum</strong></span> <span class='ocrx_word' id='word_1_69' title='bbox 614 881 643 940; x_wconf 88' lang='lat' dir='ltr'><strong>in</strong></span> <span class='ocrx_word' id='word_1_70' title='bbox 664 880 760 942; x_wconf 92' lang='lat' dir='ltr'><strong>locum</strong></span> <span class='ocrx_word' id='word_1_71' title='bbox 779 882 907 943; x_wconf 83' lang='lat' dir='ltr'><strong>defuncti</strong></span> <span class='ocrx_word' id='word_1_72' title='bbox 924 883 988 944; x_wconf 88' lang='lat' dir='ltr'><strong>sine</strong></span> <span class='ocrx_word' id='word_1_73' title='bbox 1006 885 1148 964; x_wconf 90' lang='lat' dir='ltr'><strong>baptismo</strong></span> <span class='ocrx_word' id='word_1_74' title='bbox 1164 887 1294 948; x_wconf 65' lang='lat' dir='ltr'><strong>substi-‘</strong></span> 
     </span>
     <span class='ocr_line' id='line_1_9' title="bbox 62 965 1278 1051; baseline 0.008 -25"><span class='ocrx_word' id='word_1_75' title='bbox 62 974 181 1026; x_wconf 82' lang='lat' dir='ltr'><strong>tuentes</strong></span> <span class='ocrx_word' id='word_1_76' title='bbox 201 965 394 1044; x_wconf 73' lang='lat' dir='ltr'><strong>baptizabant.</strong></span> <span class='ocrx_word' id='word_1_77' title='bbox 434 969 475 1027; x_wconf 86' lang='lat' dir='ltr'><strong>lta</strong></span> <span class='ocrx_word' id='word_1_78' title='bbox 493 967 579 1026; x_wconf 88' lang='lat' dir='ltr'><strong>nohis</strong></span> <span class='ocrx_word' id='word_1_79' title='bbox 596 967 675 1029; x_wconf 84' lang='lat' dir='ltr'><strong>hrrne</strong></span> <span class='ocrx_word' id='word_1_80' title='bbox 695 969 798 1045; x_wconf 90' lang='lat' dir='ltr'><strong>ritum,</strong></span> <span class='ocrx_word' id='word_1_81' title='bbox 824 989 879 1029; x_wconf 89' lang='lat' dir='ltr'><strong>suo</strong></span> <span class='ocrx_word' id='word_1_82' title='bbox 898 982 1026 1051; x_wconf 89' lang='lat' dir='ltr'><strong>tempore</strong></span> <span class='ocrx_word' id='word_1_83' title='bbox 1041 972 1197 1048; x_wconf 89' lang='lat' dir='ltr'><strong>usitatum,</strong></span> <span class='ocrx_word' id='word_1_84' title='bbox 1224 978 1278 1036; x_wconf 89' lang='lat' dir='ltr'><strong>de·</strong></span> 
     </span>
     <span class='ocr_line' id='line_1_10' title="bbox 61 1053 1278 1136; baseline 0.007 -22"><span class='ocrx_word' id='word_1_85' title='bbox 61 1053 167 1114; x_wconf 79' lang='lat' dir='ltr'><strong>scribit</strong></span> <span class='ocrx_word' id='word_1_86' title='bbox 183 1053 425 1132; x_wconf 78' lang='lat' dir='ltr'><strong>Chrysostornus:</strong></span> <span class='ocrx_word' id='word_1_87' title='bbox 455 1056 581 1132; x_wconf 76' lang='lat' dir='ltr'><strong>Quando</strong></span> <span class='ocrx_word' id='word_1_88' title='bbox 600 1054 709 1136; x_wconf 90' lang='lat' dir='ltr'><strong>aliquis</strong></span> <span class='ocrx_word' id='word_1_89' title='bbox 728 1056 954 1120; x_wconf 85' lang='lat' dir='ltr'><strong>catechumenus</strong></span> <span class='ocrx_word' id='word_1_90' title='bbox 972 1061 1100 1135; x_wconf 89' lang='lat' dir='ltr'><strong>moritur,</strong></span> <span class='ocrx_word' id='word_1_91' title='bbox 1118 1072 1176 1120; x_wconf 91' lang='lat' dir='ltr'><strong>tum</strong></span> <span class='ocrx_word' id='word_1_92' title='bbox 1194 1061 1278 1122; x_wconf 82' lang='lat' dir='ltr'><strong>virus</strong></span> 
     </span>
     <span class='ocr_line' id='line_1_11' title="bbox 62 1140 1279 1226; baseline 0.006 -25"><span class='ocrx_word' id='word_1_93' title='bbox 62 1143 183 1222; x_wconf 88' lang='lat' dir='ltr'><strong>quidem</strong></span> <span class='ocrx_word' id='word_1_94' title='bbox 203 1142 306 1200; x_wconf 85' lang='lat' dir='ltr'><strong>subter</strong></span> <span class='ocrx_word' id='word_1_95' title='bbox 329 1141 425 1201; x_wconf 83' lang='lat' dir='ltr'><strong>donati</strong></span> <span class='ocrx_word' id='word_1_96' title='bbox 450 1140 516 1202; x_wconf 87' lang='lat' dir='ltr'><strong>loeo</strong></span> <span class='ocrx_word' id='word_1_97' title='bbox 542 1144 699 1218; x_wconf 83' lang='lat' dir='ltr'><strong>recumbit,</strong></span> <span class='ocrx_word' id='word_1_98' title='bbox 725 1145 1041 1220; x_wconf 80' lang='lat' dir='ltr'><strong>secedentibus&#39;aliis,</strong></span> <span class='ocrx_word' id='word_1_99' title='bbox 1066 1147 1114 1226; x_wconf 84' lang='lat' dir='ltr'><strong>qui</strong></span> <span class='ocrx_word' id='word_1_100' title='bbox 1134 1159 1279 1209; x_wconf 87' lang='lat' dir='ltr'><strong>mortuum</strong></span> 
     </span>
     <span class='ocr_line' id='line_1_12' title="bbox 59 1225 1278 1315; baseline 0.006 -26"><span class='ocrx_word' id='word_1_101' title='bbox 59 1237 181 1308; x_wconf 82' lang='lat' dir='ltr'><strong>rogant,</strong></span> <span class='ocrx_word' id='word_1_102' title='bbox 202 1247 309 1288; x_wconf 89' lang='lat' dir='ltr'><strong>numne</strong></span> <span class='ocrx_word' id='word_1_103' title='bbox 325 1225 466 1308; x_wconf 75' lang='lat' dir='ltr'><strong>baptizali</strong></span> <span class='ocrx_word' id='word_1_104' title='bbox 485 1229 578 1290; x_wconf 76' lang='lat' dir='ltr'><strong>veliti</strong></span> <span class='ocrx_word' id='word_1_105' title='bbox 605 1231 652 1310; x_wconf 90' lang='lat' dir='ltr'><strong>qui</strong></span> <span class='ocrx_word' id='word_1_106' title='bbox 670 1251 735 1292; x_wconf 86' lang='lat' dir='ltr'><strong>rum</strong></span> <span class='ocrx_word' id='word_1_107' title='bbox 754 1253 810 1291; x_wconf 82' lang='lat' dir='ltr'><strong>nen</strong></span> <span class='ocrx_word' id='word_1_108' title='bbox 830 1235 1007 1310; x_wconf 86' lang='lat' dir='ltr'><strong>respondere</strong></span> <span class='ocrx_word' id='word_1_109' title='bbox 1025 1235 1126 1312; x_wconf 84' lang='lat' dir='ltr'><strong>possit,</strong></span> <span class='ocrx_word' id='word_1_110' title='bbox 1153 1256 1278 1315; x_wconf 82' lang='lat' dir='ltr'><strong>respon-</strong></span> 
     </span>
     <span class='ocr_line' id='line_1_13' title="bbox 59 1316 1278 1403; baseline 0.003 -25"><span class='ocrx_word' id='word_1_111' title='bbox 59 1338 126 1378; x_wconf 90' lang='lat' dir='ltr'><strong>sum</strong></span> <span class='ocrx_word' id='word_1_112' title='bbox 145 1318 196 1376; x_wconf 90' lang='lat' dir='ltr'><strong>dat</strong></span> <span class='ocrx_word' id='word_1_113' title='bbox 211 1319 312 1376; x_wconf 87' lang='lat' dir='ltr'><strong>subter</strong></span> <span class='ocrx_word' id='word_1_114' title='bbox 336 1316 408 1376; x_wconf 88' lang='lat' dir='ltr'><strong>lecto</strong></span> <span class='ocrx_word' id='word_1_115' title='bbox 431 1317 535 1396; x_wconf 81' lang='lat' dir='ltr'><strong>jacens</strong></span> <span class='ocrx_word' id='word_1_116' title='bbox 553 1328 640 1397; x_wconf 86' lang='lat' dir='ltr'><strong>atque</strong></span> <span class='ocrx_word' id='word_1_117' title='bbox 657 1339 689 1378; x_wconf 86' lang='lat' dir='ltr'><strong>se</strong></span> <span class='ocrx_word' id='word_1_118' title='bbox 708 1319 781 1380; x_wconf 84' lang='lat' dir='ltr'><strong>velle</strong></span> <span class='ocrx_word' id='word_1_119' title='bbox 799 1320 938 1398; x_wconf 80' lang='lat' dir='ltr'><strong>baptizari</strong></span> <span class='ocrx_word' id='word_1_120' title='bbox 958 1333 985 1380; x_wconf 90' lang='lat' dir='ltr'><strong>et</strong></span> <span class='ocrx_word' id='word_1_121' title='bbox 1003 1321 1046 1380; x_wconf 90' lang='lat' dir='ltr'><strong>sie</strong></span> <span class='ocrx_word' id='word_1_122' title='bbox 1063 1321 1209 1400; x_wconf 85' lang='lat' dir='ltr'><strong>baptizant</strong></span> <span class='ocrx_word' id='word_1_123' title='bbox 1228 1325 1278 1403; x_wconf 87' lang='lat' dir='ltr'><strong>ip-</strong></span> 
     </span>
     <span class='ocr_line' id='line_1_14' title="bbox 61 1402 1277 1485; baseline 0.002 -19"><span class='ocrx_word' id='word_1_124' title='bbox 61 1425 127 1466; x_wconf 91' lang='lat' dir='ltr'><strong>sum</strong></span> <span class='ocrx_word' id='word_1_125' title='bbox 147 1404 211 1463; x_wconf 84' lang='lat' dir='ltr'><strong>rice</strong></span> <span class='ocrx_word' id='word_1_126' title='bbox 231 1402 345 1464; x_wconf 89' lang='lat' dir='ltr'><strong>mortui.</strong></span> <span class='ocrx_word' id='word_1_127' title='bbox 382 1404 499 1481; x_wconf 75' lang='lat' dir='ltr'><strong>Negare</strong></span> <span class='ocrx_word' id='word_1_128' title='bbox 518 1404 632 1484; x_wconf 89' lang='lat' dir='ltr'><strong>quidem</strong></span> <span class='ocrx_word' id='word_1_129' title='bbox 651 1425 708 1464; x_wconf 91' lang='lat' dir='ltr'><strong>non</strong></span> <span class='ocrx_word' id='word_1_130' title='bbox 726 1417 865 1484; x_wconf 89' lang='lat' dir='ltr'><strong>possunt,</strong></span> <span class='ocrx_word' id='word_1_131' title='bbox 890 1407 967 1485; x_wconf 90' lang='lat' dir='ltr'><strong>quod</strong></span> <span class='ocrx_word' id='word_1_132' title='bbox 995 1417 1101 1467; x_wconf 91' lang='lat' dir='ltr'><strong>tantam</strong></span> <span class='ocrx_word' id='word_1_133' title='bbox 1127 1409 1181 1468; x_wconf 88' lang='lat' dir='ltr'><strong>hae</strong></span> <span class='ocrx_word' id='word_1_134' title='bbox 1197 1409 1226 1468; x_wconf 90' lang='lat' dir='ltr'><strong>in</strong></span> <span class='ocrx_word' id='word_1_135' title='bbox 1246 1431 1277 1470; x_wconf 88' lang='lat' dir='ltr'><strong>re</strong></span> 
     </span>
     <span class='ocr_line' id='line_1_15' title="bbox 62 1487 1278 1567; baseline 0.004 -15"><span class='ocrx_word' id='word_1_136' title='bbox 62 1491 268 1552; x_wconf 74' lang='lat' dir='ltr'><strong>certitudinem</strong></span> <span class='ocrx_word' id='word_1_137' title='bbox 287 1511 342 1549; x_wconf 90' lang='lat' dir='ltr'><strong>noa</strong></span> <span class='ocrx_word' id='word_1_138' title='bbox 361 1487 497 1567; x_wconf 84' lang='lat' dir='ltr'><strong>habeant,</strong></span> <span class='ocrx_word' id='word_1_139' title='bbox 522 1503 553 1551; x_wconf 91' lang='lat' dir='ltr'><strong>ut</strong></span> <span class='ocrx_word' id='word_1_140' title='bbox 570 1495 686 1552; x_wconf 90' lang='lat' dir='ltr'><strong>tuto‘ad</strong></span> <span class='ocrx_word' id='word_1_141' title='bbox 706 1493 869 1553; x_wconf 80' lang='lat' dir='ltr'><strong>clarissima</strong></span> <span class='ocrx_word' id='word_1_142' title='bbox 888 1493 1073 1553; x_wconf 85' lang='lat' dir='ltr'><strong>historiarum</strong></span> <span class='ocrx_word' id='word_1_143' title='bbox 1092 1507 1278 1562; x_wconf 82' lang='lat' dir='ltr'><strong>monumenta</strong></span> 
     </span>
     <span class='ocr_line' id='line_1_16' title="bbox 62 1578 1277 1661; baseline 0.007 -23"><span class='ocrx_word' id='word_1_144' title='bbox 62 1597 226 1661; x_wconf 77' lang='lat' dir='ltr'><strong>provocare</strong></span> <span class='ocrx_word' id='word_1_145' title='bbox 246 1578 376 1657; x_wconf 63' lang='lat' dir='ltr'><strong>poseium</strong></span> <span class='ocrx_word' id='word_1_146' title='bbox 401 1578 586 1657; x_wconf 74' lang='lat' dir='ltr'><strong>argumentis.</strong></span> <span class='ocrx_word' id='word_1_147' title='bbox 601 1594 695 1640; x_wconf 83' lang='lat' dir='ltr'><strong>tamen</strong></span> <span class='ocrx_word' id='word_1_148' title='bbox 713 1601 765 1659; x_wconf 83' lang='lat' dir='ltr'><strong>prs</strong></span> <span class='ocrx_word' id='word_1_149' title='bbox 790 1599 844 1640; x_wconf 89' lang='lat' dir='ltr'><strong>suo</strong></span> <span class='ocrx_word' id='word_1_150' title='bbox 862 1587 976 1640; x_wconf 85' lang='lat' dir='ltr'><strong>asserto</strong></span> <span class='ocrx_word' id='word_1_151' title='bbox 996 1601 1051 1640; x_wconf 88' lang='lat' dir='ltr'><strong>nou</strong></span> <span class='ocrx_word' id='word_1_152' title='bbox 1071 1583 1277 1646; x_wconf 88' lang='lat' dir='ltr'><strong>destituuntur.</strong></span> 
     </span>
     <span class='ocr_line' id='line_1_17' title="bbox 60 1664 1278 1748; baseline 0.001 -19"><span class='ocrx_word' id='word_1_153' title='bbox 60 1670 128 1730; x_wconf 91' lang='lat' dir='ltr'><strong>Nou</strong></span> <span class='ocrx_word' id='word_1_154' title='bbox 145 1667 235 1740; x_wconf 84' lang='lat' dir='ltr'><strong>enim,</strong></span> <span class='ocrx_word' id='word_1_155' title='bbox 261 1668 337 1744; x_wconf 91' lang='lat' dir='ltr'><strong>quod</strong></span> <span class='ocrx_word' id='word_1_156' title='bbox 356 1664 447 1745; x_wconf 87' lang='lat' dir='ltr'><strong>primo</strong></span> <span class='ocrx_word' id='word_1_157' title='bbox 464 1665 529 1726; x_wconf 81' lang='lat' dir='ltr'><strong>loco</strong></span> <span class='ocrx_word' id='word_1_158' title='bbox 546 1667 768 1740; x_wconf 86' lang='lat' dir='ltr'><strong>noruinandum,</strong></span> <span class='ocrx_word' id='word_1_159' title='bbox 794 1667 960 1746; x_wconf 77' lang='lat' dir='ltr'><strong>proprietati</strong></span> <span class='ocrx_word' id='word_1_160' title='bbox 981 1671 1132 1728; x_wconf 84' lang='lat' dir='ltr'><strong>verborum</strong></span> <span class='ocrx_word' id='word_1_161' title='bbox 1151 1668 1278 1748; x_wconf 85' lang='lat' dir='ltr'><strong>apostoli</strong></span> 
     </span>
     <span class='ocr_line' id='line_1_18' title="bbox 64 1752 1277 1834; baseline 0.002 -19"><span class='ocrx_word' id='word_1_162' title='bbox 64 1766 213 1834; x_wconf 78' lang='lat' dir='ltr'><strong>repugnat</strong></span> <span class='ocrx_word' id='word_1_163' title='bbox 231 1752 381 1830; x_wconf 85' lang='lat' dir='ltr'><strong>expositio.</strong></span> <span class='ocrx_word' id='word_1_164' title='bbox 423 1753 512 1815; x_wconf 81' lang='lat' dir='ltr'><strong>Vocis</strong></span> <span class='ocrx_word' id='word_1_165' title='bbox 529 1753 604 1814; x_wconf 86' lang='lat' dir='ltr'><strong>enirn</strong></span> <span class='ocrx_word' id='word_1_166' title='bbox 623 1754 758 1833; x_wconf 86' lang='lat' dir='ltr'><strong>baptismi</strong></span> <span class='ocrx_word' id='word_1_167' title='bbox 782 1765 928 1834; x_wconf 86' lang='lat' dir='ltr'><strong>receptum</strong></span> <span class='ocrx_word' id='word_1_168' title='bbox 946 1754 1104 1816; x_wconf 85' lang='lat' dir='ltr'><strong>retinemus</strong></span> <span class='ocrx_word' id='word_1_169' title='bbox 1123 1756 1277 1831; x_wconf 69' lang='lat' dir='ltr'><strong>signifiea-</strong></span> 
     </span>
     <span class='ocr_line' id='line_1_19' title="bbox 65 1837 1278 1922; baseline 0 -19"><span class='ocrx_word' id='word_1_170' title='bbox 65 1851 141 1916; x_wconf 90' lang='lat' dir='ltr'><strong>tum,</strong></span> <span class='ocrx_word' id='word_1_171' title='bbox 168 1855 299 1902; x_wconf 86' lang='lat' dir='ltr'><strong>mortuos</strong></span> <span class='ocrx_word' id='word_1_172' title='bbox 319 1839 509 1917; x_wconf 76' lang='lat' dir='ltr'><strong>intelligimus</strong></span> <span class='ocrx_word' id='word_1_173' title='bbox 526 1841 641 1920; x_wconf 87' lang='lat' dir='ltr'><strong>proprie</strong></span> <span class='ocrx_word' id='word_1_174' title='bbox 667 1841 711 1902; x_wconf 87' lang='lat' dir='ltr'><strong>sio</strong></span> <span class='ocrx_word' id='word_1_175' title='bbox 728 1841 838 1916; x_wconf 85' lang='lat' dir='ltr'><strong>dictos,</strong></span> <span class='ocrx_word' id='word_1_176' title='bbox 864 1843 922 1902; x_wconf 89' lang='lat' dir='ltr'><strong>imo</strong></span> <span class='ocrx_word' id='word_1_177' title='bbox 946 1842 1012 1922; x_wconf 88' lang='lat' dir='ltr'><strong>ipsa</strong></span> <span class='ocrx_word' id='word_1_178' title='bbox 1034 1841 1178 1922; x_wconf 85' lang='lat' dir='ltr'><strong>particula</strong></span> <span class='ocrx_word' id='word_1_179' title='bbox 1198 1837 1278 1922; x_wconf 80' lang='grc' dir='ltr'><strong>ὑπὲρ</strong></span> 
     </span>
     <span class='ocr_line' id='line_1_20' title="bbox 63 1925 1277 2008; baseline -0.001 -17"><span class='ocrx_word' id='word_1_180' title='bbox 63 1951 161 2005; x_wconf 88' lang='grc' dir='ltr'>ειιιιιιι,</span> <span class='ocrx_word' id='word_1_181' title='bbox 190 1929 239 2008; x_wconf 91' lang='lat' dir='ltr'><strong>qui</strong></span> <span class='ocrx_word' id='word_1_182' title='bbox 258 1936 286 1987; x_wconf 90' lang='lat' dir='ltr'><strong>et</strong></span> <span class='ocrx_word' id='word_1_183' title='bbox 303 1925 444 1987; x_wconf 89' lang='lat' dir='ltr'><strong>tironibus</strong></span> <span class='ocrx_word' id='word_1_184' title='bbox 461 1935 547 1989; x_wconf 89' lang='lat' dir='ltr'><strong>notus</strong></span> <span class='ocrx_word' id='word_1_185' title='bbox 564 1939 618 2001; x_wconf 86' lang='lat' dir='ltr'><strong>est,</strong></span> <span class='ocrx_word' id='word_1_186' title='bbox 643 1927 729 1989; x_wconf 88' lang='lat' dir='ltr'><strong>hahet</strong></span> <span class='ocrx_word' id='word_1_187' title='bbox 746 1927 951 2007; x_wconf 74' lang='lat' dir='ltr'><strong>significatum.</strong></span> <span class='ocrx_word' id='word_1_188' title='bbox 992 1930 1078 2006; x_wconf 78' lang='lat' dir='ltr'><strong>Quod</strong></span> <span class='ocrx_word' id='word_1_189' title='bbox 1097 1938 1192 1992; x_wconf 88' lang='lat' dir='ltr'><strong>autem</strong></span> <span class='ocrx_word' id='word_1_190' title='bbox 1210 1931 1239 1990; x_wconf 93' lang='lat' dir='ltr'><strong>h.</strong></span> <span class='ocrx_word' id='word_1_191' title='bbox 1257 1930 1277 1991; x_wconf 94' lang='lat' dir='ltr'><strong>l.</strong></span> 
     </span>
     <span class='ocr_line' id='line_1_21' title="bbox 63 2013 1276 2097; baseline -0.001 -18"><span class='ocrx_word' id='word_1_192' title='bbox 63 2017 178 2079; x_wconf 89' lang='lat' dir='ltr'><strong>Paulus</strong></span> <span class='ocrx_word' id='word_1_193' title='bbox 196 2035 233 2076; x_wconf 91' lang='lat' dir='ltr'><strong>ex</strong></span> <span class='ocrx_word' id='word_1_194' title='bbox 247 2014 322 2093; x_wconf 89' lang='lat' dir='ltr'><strong>ipsis</strong></span> <span class='ocrx_word' id='word_1_195' title='bbox 340 2015 574 2076; x_wconf 83' lang='lat' dir='ltr'><strong>adversariorum</strong></span> <span class='ocrx_word' id='word_1_196' title='bbox 591 2016 718 2096; x_wconf 87' lang='lat' dir='ltr'><strong>disputet</strong></span> <span class='ocrx_word' id='word_1_197' title='bbox 735 2016 901 2096; x_wconf 78' lang='lat' dir='ltr'><strong>principiis,</strong></span> <span class='ocrx_word' id='word_1_198' title='bbox 927 2037 963 2077; x_wconf 90' lang='lat' dir='ltr'><strong>ex</strong></span> <span class='ocrx_word' id='word_1_199' title='bbox 987 2017 1170 2097; x_wconf 86' lang='lat' dir='ltr'><strong>oppositione</strong></span> <span class='ocrx_word' id='word_1_200' title='bbox 1194 2013 1276 2078; x_wconf 87' lang='lat' dir='ltr'><strong>illius</strong></span> 
     </span>
     <span class='ocr_line' id='line_1_22' title="bbox 63 2101 1277 2184; baseline 0.002 -20"><span class='ocrx_word' id='word_1_201' title='bbox 63 2103 183 2184; x_wconf 89' lang='lat' dir='ltr'><strong>probari</strong></span> <span class='ocrx_word' id='word_1_202' title='bbox 201 2122 287 2182; x_wconf 89' lang='lat' dir='ltr'><strong>posse</strong></span> <span class='ocrx_word' id='word_1_203' title='bbox 309 2101 429 2163; x_wconf 91' lang='lat' dir='ltr'><strong>ridetur.</strong></span> <span class='ocrx_word' id='word_1_204' title='bbox 470 2104 500 2162; x_wconf 90' lang='lat' dir='ltr'><strong>ln</strong></span> <span class='ocrx_word' id='word_1_205' title='bbox 516 2101 573 2162; x_wconf 86' lang='lat' dir='ltr'><strong>hoc</strong></span> <span class='ocrx_word' id='word_1_206' title='bbox 589 2106 674 2180; x_wconf 91' lang='lat' dir='ltr'><strong>euim,</strong></span> <span class='ocrx_word' id='word_1_207' title='bbox 701 2125 785 2184; x_wconf 83' lang='lat' dir='ltr'><strong>quem</strong></span> <span class='ocrx_word' id='word_1_208' title='bbox 804 2104 1008 2184; x_wconf 87' lang='lat' dir='ltr'><strong>explicandum</strong></span> <span class='ocrx_word' id='word_1_209' title='bbox 1026 2106 1193 2179; x_wconf 64' lang='lat' dir='ltr'><strong>sumsimus</strong></span> <span class='ocrx_word' id='word_1_210' title='bbox 1212 2105 1277 2166; x_wconf 87' lang='lat' dir='ltr'><strong>loeo</strong></span> 
     </span>
     <span class='ocr_line' id='line_1_23' title="bbox 64 2188 1276 2272; baseline 0.002 -20"><span class='ocrx_word' id='word_1_211' title='bbox 64 2190 179 2252; x_wconf 89' lang='lat' dir='ltr'><strong>Paulus</strong></span> <span class='ocrx_word' id='word_1_212' title='bbox 203 2188 332 2270; x_wconf 84' lang='lat' dir='ltr'><strong>loquitur</strong></span> <span class='ocrx_word' id='word_1_213' title='bbox 354 2189 383 2248; x_wconf 94' lang='lat' dir='ltr'><strong>in</strong></span> <span class='ocrx_word' id='word_1_214' title='bbox 409 2191 493 2250; x_wconf 84' lang='lat' dir='ltr'><strong>tertio</strong></span> <span class='ocrx_word' id='word_1_215' title='bbox 512 2210 653 2268; x_wconf 87' lang='lat' dir='ltr'><strong>persona,</strong></span> <span class='ocrx_word' id='word_1_216' title='bbox 680 2209 745 2250; x_wconf 88' lang='lat' dir='ltr'><strong>eum</strong></span> <span class='ocrx_word' id='word_1_217' title='bbox 765 2191 943 2252; x_wconf 88' lang='lat' dir='ltr'><strong>econtrario</strong></span> <span class='ocrx_word' id='word_1_218' title='bbox 968 2205 1108 2252; x_wconf 85' lang='lat' dir='ltr'><strong>commate</strong></span> <span class='ocrx_word' id='word_1_219' title='bbox 1126 2203 1276 2272; x_wconf 88' lang='lat' dir='ltr'><strong>sequente,</strong></span> 
     </span>
     <span class='ocr_line' id='line_1_24' title="bbox 66 2275 1277 2359; baseline 0.002 -20"><span class='ocrx_word' id='word_1_220' title='bbox 66 2301 136 2339; x_wconf 84' lang='lat' dir='ltr'><strong>enm</strong></span> <span class='ocrx_word' id='word_1_221' title='bbox 153 2280 190 2337; x_wconf 87' lang='lat' dir='ltr'><strong>de</strong></span> <span class='ocrx_word' id='word_1_222' title='bbox 215 2275 373 2356; x_wconf 87' lang='lat' dir='ltr'><strong>semetipso</strong></span> <span class='ocrx_word' id='word_1_223' title='bbox 399 2276 579 2357; x_wconf 85' lang='lat' dir='ltr'><strong>reliquisque</strong></span> <span class='ocrx_word' id='word_1_224' title='bbox 597 2277 772 2338; x_wconf 85' lang='lat' dir='ltr'><strong>Christianis</strong></span> <span class='ocrx_word' id='word_1_225' title='bbox 797 2299 958 2339; x_wconf 89' lang='lat' dir='ltr'><strong>sermonem</strong></span> <span class='ocrx_word' id='word_1_226' title='bbox 982 2277 1128 2355; x_wconf 88' lang='lat' dir='ltr'><strong>instituat,</strong></span> <span class='ocrx_word' id='word_1_227' title='bbox 1155 2281 1277 2359; x_wconf 88' lang='lat' dir='ltr'><strong>primam</strong></span> 
     </span>
     <span class='ocr_line' id='line_1_25' title="bbox 67 2363 1278 2446; baseline -0.002 -18"><span class='ocrx_word' id='word_1_228' title='bbox 67 2367 212 2428; x_wconf 89' lang='lat' dir='ltr'><strong>adhibeat.</strong></span> <span class='ocrx_word' id='word_1_229' title='bbox 249 2363 332 2424; x_wconf 86' lang='lat' dir='ltr'><strong>Haeo</strong></span> <span class='ocrx_word' id='word_1_230' title='bbox 350 2373 444 2425; x_wconf 90' lang='lat' dir='ltr'><strong>autem</strong></span> <span class='ocrx_word' id='word_1_231' title='bbox 462 2377 652 2444; x_wconf 79' lang='lat' dir='ltr'><strong>personarum</strong></span> <span class='ocrx_word' id='word_1_232' title='bbox 674 2365 791 2426; x_wconf 87' lang='lat' dir='ltr'><strong>mutatio</strong></span> <span class='ocrx_word' id='word_1_233' title='bbox 808 2387 865 2426; x_wconf 92' lang='lat' dir='ltr'><strong>non</strong></span> <span class='ocrx_word' id='word_1_234' title='bbox 884 2365 941 2424; x_wconf 92' lang='lat' dir='ltr'><strong>nisi</strong></span> <span class='ocrx_word' id='word_1_235' title='bbox 960 2386 995 2426; x_wconf 87' lang='lat' dir='ltr'><strong>ex</strong></span> <span class='ocrx_word' id='word_1_236' title='bbox 1014 2367 1211 2446; x_wconf 85' lang='lat' dir='ltr'><strong>subjectorum</strong></span> <span class='ocrx_word' id='word_1_237' title='bbox 1230 2366 1278 2426; x_wconf 91' lang='lat' dir='ltr'><strong>di·</strong></span> 
     </span>
     <span class='ocr_line' id='line_1_26' title="bbox 65 2450 1278 2534; baseline -0.002 -18"><span class='ocrx_word' id='word_1_238' title='bbox 65 2450 289 2522; x_wconf 79' lang='lat' dir='ltr'><strong>versitateoriri</strong></span> <span class='ocrx_word' id='word_1_239' title='bbox 307 2451 428 2512; x_wconf 89' lang='lat' dir='ltr'><strong>ridetur.</strong></span> <span class='ocrx_word' id='word_1_240' title='bbox 464 2451 564 2512; x_wconf 90' lang='lat' dir='ltr'><strong>Posito</strong></span> <span class='ocrx_word' id='word_1_241' title='bbox 582 2453 667 2528; x_wconf 85' lang='lat' dir='ltr'><strong>enirn,</strong></span> <span class='ocrx_word' id='word_1_242' title='bbox 687 2457 761 2534; x_wconf 93' lang='lat' dir='ltr'><strong>quod</strong></span> <span class='ocrx_word' id='word_1_243' title='bbox 780 2453 806 2512; x_wconf 93' lang='lat' dir='ltr'><strong>h.</strong></span> <span class='ocrx_word' id='word_1_244' title='bbox 827 2453 846 2514; x_wconf 88' lang='lat' dir='ltr'><strong>l.</strong></span> <span class='ocrx_word' id='word_1_245' title='bbox 865 2451 1015 2532; x_wconf 88' lang='lat' dir='ltr'><strong>apostolus</strong></span> <span class='ocrx_word' id='word_1_246' title='bbox 1035 2474 1086 2528; x_wconf 88' lang='lat' dir='ltr'><strong>per</strong></span> <span class='ocrx_word' id='word_1_247' title='bbox 1104 2453 1278 2533; x_wconf 84' lang='lat' dir='ltr'><strong>baptismum</strong></span> 
     </span>
     <span class='ocr_line' id='line_1_27' title="bbox 67 2537 1277 2622; baseline -0.001 -20"><span class='ocrx_word' id='word_1_248' title='bbox 67 2563 155 2622; x_wconf 87' lang='lat' dir='ltr'><strong>super</strong></span> <span class='ocrx_word' id='word_1_249' title='bbox 174 2549 303 2600; x_wconf 90' lang='lat' dir='ltr'><strong>mortuos</strong></span> <span class='ocrx_word' id='word_1_250' title='bbox 319 2537 472 2617; x_wconf 79' lang='lat' dir='ltr'><strong>intelligat,</strong></span> <span class='ocrx_word' id='word_1_251' title='bbox 497 2550 530 2600; x_wconf 89' lang='lat' dir='ltr'><strong>nt</strong></span> <span class='ocrx_word' id='word_1_252' title='bbox 548 2541 680 2600; x_wconf 90' lang='lat' dir='ltr'><strong>nonnulli</strong></span> <span class='ocrx_word' id='word_1_253' title='bbox 700 2541 866 2602; x_wconf 90' lang='lat' dir='ltr'><strong>existimant</strong></span> <span class='ocrx_word' id='word_1_254' title='bbox 881 2541 1065 2620; x_wconf 81' lang='lat' dir='ltr'><strong>interpretes,</strong></span> <span class='ocrx_word' id='word_1_255' title='bbox 1083 2543 1157 2621; x_wconf 90' lang='lat' dir='ltr'><strong>quod</strong></span> <span class='ocrx_word' id='word_1_256' title='bbox 1176 2561 1277 2601; x_wconf 87' lang='lat' dir='ltr'><strong>exem-</strong></span> 
     </span>
     <span class='ocr_line' id='line_1_28' title="bbox 66 2626 1277 2710; baseline -0.002 -20"><span class='ocrx_word' id='word_1_257' title='bbox 66 2630 111 2710; x_wconf 93' lang='lat' dir='ltr'><strong>plo</strong></span> <span class='ocrx_word' id='word_1_258' title='bbox 129 2639 288 2708; x_wconf 81' lang='lat' dir='ltr'><strong>inartyrum</strong></span> <span class='ocrx_word' id='word_1_259' title='bbox 307 2627 422 2688; x_wconf 88' lang='lat' dir='ltr'><strong>excitati</strong></span> <span class='ocrx_word' id='word_1_260' title='bbox 443 2626 635 2708; x_wconf 79' lang='lat' dir='ltr'><strong>siut&#39;quidam</strong></span> <span class='ocrx_word' id='word_1_261' title='bbox 653 2631 689 2689; x_wconf 89' lang='lat' dir='ltr'><strong>ad</strong></span> <span class='ocrx_word' id='word_1_262' title='bbox 713 2629 916 2708; x_wconf 83' lang='lat' dir='ltr'><strong>arripiendum</strong></span> <span class='ocrx_word' id='word_1_263' title='bbox 939 2629 1129 2707; x_wconf 87' lang='lat' dir='ltr'><strong>baptismum,</strong></span> <span class='ocrx_word' id='word_1_264' title='bbox 1155 2639 1187 2688; x_wconf 90' lang='lat' dir='ltr'><strong>ut</strong></span> <span class='ocrx_word' id='word_1_265' title='bbox 1204 2648 1277 2689; x_wconf 89' lang='lat' dir='ltr'><strong>ean·</strong></span> 
     </span>
     <span class='ocr_line' id='line_1_29' title="bbox 66 2711 1278 2796; baseline -0.002 -17"><span class='ocrx_word' id='word_1_266' title='bbox 66 2721 128 2779; x_wconf 88' lang='lat' dir='ltr'><strong>deur</strong></span> <span class='ocrx_word' id='word_1_267' title='bbox 147 2715 228 2792; x_wconf 90' lang='lat' dir='ltr'><strong>olim,</strong></span> <span class='ocrx_word' id='word_1_268' title='bbox 254 2736 338 2796; x_wconf 91' lang='lat' dir='ltr'><strong>quam</strong></span> <span class='ocrx_word' id='word_1_269' title='bbox 356 2711 400 2774; x_wconf 93' lang='lat' dir='ltr'><strong>illi</strong></span> <span class='ocrx_word' id='word_1_270' title='bbox 414 2714 475 2794; x_wconf 79' lang='lat' dir='ltr'><strong>J&#39;am</strong></span> <span class='ocrx_word' id='word_1_271' title='bbox 493 2717 658 2794; x_wconf 87' lang='lat' dir='ltr'><strong>possident,</strong></span> <span class='ocrx_word' id='word_1_272' title='bbox 684 2716 892 2776; x_wconf 83' lang='lat' dir='ltr'><strong>nanciscantur</strong></span> <span class='ocrx_word' id='word_1_273' title='bbox 907 2715 1085 2791; x_wconf 74' lang='lat' dir='ltr'><strong>felicitatem,</strong></span> <span class='ocrx_word' id='word_1_274' title='bbox 1112 2735 1202 2796; x_wconf 87' lang='lat' dir='ltr'><strong>quare</strong></span> <span class='ocrx_word' id='word_1_275' title='bbox 1219 2735 1278 2776; x_wconf 90' lang='lat' dir='ltr'><strong>nou</strong></span> 
     </span>
     <span class='ocr_line' id='line_1_30' title="bbox 64 2802 1277 2886; baseline -0.002 -20"><span class='ocrx_word' id='word_1_276' title='bbox 64 2804 194 2886; x_wconf 87' lang='lat' dir='ltr'><strong>loquitur</strong></span> <span class='ocrx_word' id='word_1_277' title='bbox 210 2803 238 2862; x_wconf 93' lang='lat' dir='ltr'><strong>in</strong></span> <span class='ocrx_word' id='word_1_278' title='bbox 257 2803 348 2883; x_wconf 89' lang='lat' dir='ltr'><strong>prima</strong></span> <span class='ocrx_word' id='word_1_279' title='bbox 367 2821 503 2882; x_wconf 89' lang='lat' dir='ltr'><strong>persona,</strong></span> <span class='ocrx_word' id='word_1_280' title='bbox 524 2802 700 2865; x_wconf 72' lang='lat' dir='ltr'><strong>cum&#39;tamen</strong></span> <span class='ocrx_word' id='word_1_281' title='bbox 722 2806 821 2864; x_wconf 86' lang='lat' dir='ltr'><strong>eadem</strong></span> <span class='ocrx_word' id='word_1_282' title='bbox 839 2823 896 2881; x_wconf 61' lang='lat' dir='ltr'><strong>spev</strong></span> <span class='ocrx_word' id='word_1_283' title='bbox 908 2803 974 2863; x_wconf 89' lang='lat' dir='ltr'><strong>lreti</strong></span> <span class='ocrx_word' id='word_1_284' title='bbox 991 2803 1133 2864; x_wconf 89' lang='lat' dir='ltr'><strong>Corinthii</strong></span> <span class='ocrx_word' id='word_1_285' title='bbox 1151 2823 1277 2881; x_wconf 81' lang='lat' dir='ltr'><strong>accepe-</strong></span> 
     </span>
     <span class='ocr_line' id='line_1_31' title="bbox 64 2888 1311 2972; baseline -0.006 -18"><span class='ocrx_word' id='word_1_286' title='bbox 64 2893 119 2954; x_wconf 91' lang='lat' dir='ltr'><strong>rint</strong></span> <span class='ocrx_word' id='word_1_287' title='bbox 136 2891 337 2972; x_wconf 68' lang='lat' dir='ltr'><strong>baptismum?</strong></span> <span class='ocrx_word' id='word_1_288' title='bbox 376 2891 434 2950; x_wconf 84' lang='lat' dir='ltr'><strong>luno</strong></span> <span class='ocrx_word' id='word_1_289' title='bbox 453 2889 547 2950; x_wconf 92' lang='lat' dir='ltr'><strong>omnis</strong></span> <span class='ocrx_word' id='word_1_290' title='bbox 565 2890 651 2950; x_wconf 87' lang='lat' dir='ltr'><strong>totius</strong></span> <span class='ocrx_word' id='word_1_291' title='bbox 669 2889 811 2969; x_wconf 88' lang='lat' dir='ltr'><strong>epistolae</strong></span> <span class='ocrx_word' id='word_1_292' title='bbox 830 2888 897 2948; x_wconf 88' lang='lat' dir='ltr'><strong>finis</strong></span> <span class='ocrx_word' id='word_1_293' title='bbox 914 2890 942 2948; x_wconf 91' lang='lat' dir='ltr'><strong>in</strong></span> <span class='ocrx_word' id='word_1_294' title='bbox 962 2911 995 2948; x_wconf 83' lang='lat' dir='ltr'><strong>eo</strong></span> <span class='ocrx_word' id='word_1_295' title='bbox 1013 2888 1128 2968; x_wconf 89' lang='lat' dir='ltr'><strong>positus</strong></span> <span class='ocrx_word' id='word_1_296' title='bbox 1146 2888 1215 2948; x_wconf 89' lang='lat' dir='ltr'><strong>mihi</strong></span> <span class='ocrx_word' id='word_1_297' title='bbox 1232 2889 1279 2948; x_wconf 85' lang='lat' dir='ltr'><strong>vi·</strong></span> <span class='ocrx_word' id='word_1_298' title='bbox 1306 2911 1311 2929; x_wconf 62' lang='grc' dir='ltr'>ι</span> 
     </span>
     <span class='ocr_line' id='line_1_32' title="bbox 64 2973 1278 3058; baseline -0.005 -17"><span class='ocrx_word' id='word_1_299' title='bbox 64 2985 165 3054; x_wconf 88' lang='lat' dir='ltr'><strong>detur,</strong></span> <span class='ocrx_word' id='word_1_300' title='bbox 191 2989 225 3039; x_wconf 89' lang='lat' dir='ltr'><strong>ut</strong></span> <span class='ocrx_word' id='word_1_301' title='bbox 248 2977 453 3052; x_wconf 84' lang='lat' dir='ltr'><strong>adversarius,</strong></span> <span class='ocrx_word' id='word_1_302' title='bbox 476 2997 551 3058; x_wconf 92' lang='lat' dir='ltr'><strong>qnos</strong></span> <span class='ocrx_word' id='word_1_303' title='bbox 576 2976 790 3057; x_wconf 87' lang='lat' dir='ltr'><strong>frequentiores</strong></span> <span class='ocrx_word' id='word_1_304' title='bbox 815 2975 976 3037; x_wconf 84' lang='lat' dir='ltr'><strong>Corinthiis</strong></span> <span class='ocrx_word' id='word_1_305' title='bbox 1002 2995 1068 3036; x_wconf 89' lang='lat' dir='ltr'><strong>esse</strong></span> <span class='ocrx_word' id='word_1_306' title='bbox 1092 2973 1278 3036; x_wconf 85' lang='lat' dir='ltr'><strong>intellexerat</strong></span> 
     </span>
     <span class='ocr_line' id='line_1_33' title="bbox 65 3059 1278 3148; baseline -0.007 -18"><span class='ocrx_word' id='word_1_307' title='bbox 65 3066 226 3148; x_wconf 89' lang='lat' dir='ltr'><strong>apostolus,</strong></span> <span class='ocrx_word' id='word_1_308' title='bbox 246 3065 383 3126; x_wconf 86' lang='lat' dir='ltr'><strong>conlutot.</strong></span> <span class='ocrx_word' id='word_1_309' title='bbox 421 3065 493 3126; x_wconf 86' lang='lat' dir='ltr'><strong>Cum</strong></span> <span class='ocrx_word' id='word_1_310' title='bbox 515 3065 611 3145; x_wconf 89' lang='lat' dir='ltr'><strong>itaque</strong></span> <span class='ocrx_word' id='word_1_311' title='bbox 630 3085 665 3125; x_wconf 90' lang='lat' dir='ltr'><strong>ex</strong></span> <span class='ocrx_word' id='word_1_312' title='bbox 681 3065 740 3144; x_wconf 88' lang='lat' dir='ltr'><strong>jam</strong></span> <span class='ocrx_word' id='word_1_313' title='bbox 760 3063 845 3123; x_wconf 83' lang='lat' dir='ltr'><strong>dietis</strong></span> <span class='ocrx_word' id='word_1_314' title='bbox 864 3072 1013 3142; x_wconf 89' lang='lat' dir='ltr'><strong>appareat,</strong></span> <span class='ocrx_word' id='word_1_315' title='bbox 1034 3065 1107 3142; x_wconf 89' lang='lat' dir='ltr'><strong>quod</strong></span> <span class='ocrx_word' id='word_1_316' title='bbox 1126 3059 1278 3140; x_wconf 78' lang='lat' dir='ltr'><strong>apostolus</strong></span> 
     </span>
     <span class='ocr_line' id='line_1_34' title="bbox 64 3143 1278 3231; baseline -0.008 -14"><span class='ocrx_word' id='word_1_317' title='bbox 64 3157 118 3217; x_wconf 87' lang='lat' dir='ltr'><strong>hoe</strong></span> <span class='ocrx_word' id='word_1_318' title='bbox 136 3155 169 3215; x_wconf 90' lang='lat' dir='ltr'><strong>in</strong></span> <span class='ocrx_word' id='word_1_319' title='bbox 194 3153 259 3213; x_wconf 87' lang='lat' dir='ltr'><strong>loeo</strong></span> <span class='ocrx_word' id='word_1_320' title='bbox 284 3173 349 3214; x_wconf 89' lang='lat' dir='ltr'><strong>curn</strong></span> <span class='ocrx_word' id='word_1_321' title='bbox 373 3152 551 3213; x_wconf 84' lang='lat' dir='ltr'><strong>adversariis</strong></span> <span class='ocrx_word' id='word_1_322' title='bbox 575 3145 639 3210; x_wconf 76' lang='grc' dir='ltr'><strong>κατ’</strong></span> <span class='ocrx_word' id='word_1_323' title='bbox 666 3143 839 3228; x_wconf 78' lang='grc' dir='ltr'><strong><em>ἄνθρωπον</em></strong></span> <span class='ocrx_word' id='word_1_324' title='bbox 863 3150 1006 3231; x_wconf 88' lang='lat' dir='ltr'><strong>disputet,</strong></span> <span class='ocrx_word' id='word_1_325' title='bbox 1032 3149 1178 3230; x_wconf 90' lang='lat' dir='ltr'><strong>quaeritur</strong></span> <span class='ocrx_word' id='word_1_326' title='bbox 1202 3150 1278 3230; x_wconf 85' lang='lat' dir='ltr'><strong>jure,</strong></span> 
     </span>
     <span class='ocr_line' id='line_1_35' title="bbox 65 3237 1278 3326; baseline -0.007 -21"><span class='ocrx_word' id='word_1_327' title='bbox 65 3245 183 3326; x_wconf 88' lang='lat' dir='ltr'><strong>quinam</strong></span> <span class='ocrx_word' id='word_1_328' title='bbox 200 3239 311 3300; x_wconf 85' lang='lat' dir='ltr'><strong>fuerint</strong></span> <span class='ocrx_word' id='word_1_329' title='bbox 327 3240 355 3300; x_wconf 93' lang='lat' dir='ltr'><strong>hi</strong></span> <span class='ocrx_word' id='word_1_330' title='bbox 374 3239 557 3300; x_wconf 66' lang='lat' dir='ltr'><strong>adversarii?</strong></span> <span class='ocrx_word' id='word_1_331' title='bbox 596 3237 656 3314; x_wconf 90' lang='lat' dir='ltr'><strong>llli,</strong></span> <span class='ocrx_word' id='word_1_332' title='bbox 681 3239 728 3319; x_wconf 86' lang='lat' dir='ltr'><strong>qui</strong></span> <span class='ocrx_word' id='word_1_333' title='bbox 746 3239 896 3299; x_wconf 89' lang='lat' dir='ltr'><strong>historiam</strong></span> <span class='ocrx_word' id='word_1_334' title='bbox 914 3237 1032 3318; x_wconf 88' lang='lat' dir='ltr'><strong>lataque</strong></span> <span class='ocrx_word' id='word_1_335' title='bbox 1049 3237 1193 3298; x_wconf 84' lang='lat' dir='ltr'><strong>eeclesiae</strong></span> <span class='ocrx_word' id='word_1_336' title='bbox 1210 3237 1278 3298; x_wconf 86' lang='lat' dir='ltr'><strong>inda</strong></span> 
     </span>
     <span class='ocr_line' id='line_1_36' title="bbox 66 3325 1279 3409; baseline -0.006 -16"><span class='ocrx_word' id='word_1_337' title='bbox 66 3329 210 3409; x_wconf 84' lang='lat' dir='ltr'><strong>oprimis</strong></span> <span class='ocrx_word' id='word_1_338' title='bbox 234 3328 366 3388; x_wconf 80' lang='lat' dir='ltr'><strong>referunt</strong></span> <span class='ocrx_word' id='word_1_339' title='bbox 389 3326 498 3400; x_wconf 91' lang='lat' dir='ltr'><strong>initiis,</strong></span> <span class='ocrx_word' id='word_1_340' title='bbox 524 3337 675 3401; x_wconf 86' lang='lat' dir='ltr'><strong>asserunt,</strong></span> <span class='ocrx_word' id='word_1_341' title='bbox 700 3328 776 3407; x_wconf 89' lang='lat' dir='ltr'><strong>quod</strong></span> <span class='ocrx_word' id='word_1_342' title='bbox 802 3345 862 3387; x_wconf 86' lang='lat' dir='ltr'><strong>see.</strong></span> <span class='ocrx_word' id='word_1_343' title='bbox 882 3327 903 3387; x_wconf 89' lang='grc' dir='ltr'><strong>Ι.</strong></span> <span class='ocrx_word' id='word_1_344' title='bbox 926 3325 1014 3388; x_wconf 86' lang='lat' dir='ltr'><strong>luerit</strong></span> <span class='ocrx_word' id='word_1_345' title='bbox 1032 3325 1187 3386; x_wconf 87' lang='lat' dir='ltr'><strong>Cerinthus</strong></span> <span class='ocrx_word' id='word_1_346' title='bbox 1212 3345 1279 3386; x_wconf 88' lang='lat' dir='ltr'><strong>cum</strong></span> 
     </span>
     <span class='ocr_line' id='line_1_37' title="bbox 66 3411 1278 3494; baseline -0.007 -15"><span class='ocrx_word' id='word_1_347' title='bbox 66 3419 162 3479; x_wconf 89' lang='lat' dir='ltr'><strong>malae</strong></span> <span class='ocrx_word' id='word_1_348' title='bbox 178 3415 245 3476; x_wconf 86' lang='lat' dir='ltr'><strong>fidei</strong></span> <span class='ocrx_word' id='word_1_349' title='bbox 262 3414 360 3489; x_wconf 85' lang='lat' dir='ltr'><strong>sociis,</strong></span> <span class='ocrx_word' id='word_1_350' title='bbox 385 3414 434 3493; x_wconf 92' lang='lat' dir='ltr'><strong>qui</strong></span> <span class='ocrx_word' id='word_1_351' title='bbox 451 3414 527 3474; x_wconf 89' lang='lat' dir='ltr'><strong>inter</strong></span> <span class='ocrx_word' id='word_1_352' title='bbox 543 3413 617 3475; x_wconf 91' lang='lat' dir='ltr'><strong>alios</strong></span> <span class='ocrx_word' id='word_1_353' title='bbox 635 3433 749 3476; x_wconf 86' lang='lat' dir='ltr'><strong>errores</strong></span> <span class='ocrx_word' id='word_1_354' title='bbox 769 3435 853 3494; x_wconf 85' lang='lat' dir='ltr'><strong>quaro</strong></span> <span class='ocrx_word' id='word_1_355' title='bbox 874 3411 1015 3494; x_wconf 87' lang='lat' dir='ltr'><strong>plurimos</strong></span> <span class='ocrx_word' id='word_1_356' title='bbox 1034 3413 1207 3492; x_wconf 89' lang='lat' dir='ltr'><strong>baptismum</strong></span> <span class='ocrx_word' id='word_1_357' title='bbox 1225 3415 1278 3472; x_wconf 91' lang='lat' dir='ltr'><strong>de-</strong></span> 
     </span>
     <span class='ocr_line' id='line_1_38' title="bbox 67 3498 1278 3583; baseline -0.006 -16"><span class='ocrx_word' id='word_1_358' title='bbox 67 3505 159 3568; x_wconf 87' lang='lat' dir='ltr'><strong>lendit</strong></span> <span class='ocrx_word' id='word_1_359' title='bbox 176 3503 336 3577; x_wconf 65' lang='lat' dir='ltr'><strong>ricarium</strong></span> <span class='ocrx_word' id='word_1_360' title='bbox 361 3501 507 3583; x_wconf 84' lang='lat' dir='ltr'><strong>quidquod</strong></span> <span class='ocrx_word' id='word_1_361' title='bbox 525 3502 681 3580; x_wconf 82' lang='lat' dir='ltr'><strong>adjiciunt,</strong></span> <span class='ocrx_word' id='word_1_362' title='bbox 708 3504 783 3582; x_wconf 90' lang='lat' dir='ltr'><strong>quod</strong></span> <span class='ocrx_word' id='word_1_363' title='bbox 809 3503 885 3564; x_wconf 89' lang='lat' dir='ltr'><strong>hune</strong></span> <span class='ocrx_word' id='word_1_364' title='bbox 902 3501 996 3582; x_wconf 91' lang='lat' dir='ltr'><strong>ipsum</strong></span> <span class='ocrx_word' id='word_1_365' title='bbox 1012 3498 1110 3560; x_wconf 86' lang='lat' dir='ltr'><strong>lorum</strong></span> <span class='ocrx_word' id='word_1_366' title='bbox 1124 3499 1278 3577; x_wconf 80' lang='lat' dir='ltr'><strong>‘apostolus</strong></span> 
     </span>
     <span class='ocr_line' id='line_1_39' title="bbox 67 3585 1280 3670; baseline -0.007 -16"><span class='ocrx_word' id='word_1_367' title='bbox 67 3593 113 3654; x_wconf 92' lang='lat' dir='ltr'><strong>his</strong></span> <span class='ocrx_word' id='word_1_368' title='bbox 140 3589 301 3653; x_wconf 86' lang='lat' dir='ltr'><strong>Cerinthiis</strong></span> <span class='ocrx_word' id='word_1_369' title='bbox 331 3588 508 3670; x_wconf 86' lang='lat' dir='ltr'><strong>opposuerit.</strong></span> <span class='ocrx_word' id='word_1_370' title='bbox 554 3589 719 3650; x_wconf 88' lang='lat' dir='ltr'><strong>Proroeant</strong></span> <span class='ocrx_word' id='word_1_371' title='bbox 748 3591 784 3650; x_wconf 88' lang='lat' dir='ltr'><strong>ad</strong></span> <span class='ocrx_word' id='word_1_372' title='bbox 810 3588 1004 3650; x_wconf 82' lang='lat' dir='ltr'><strong>testimonium</strong></span> <span class='ocrx_word' id='word_1_373' title='bbox 1031 3585 1086 3646; x_wconf 86' lang='lat' dir='ltr'><strong>fide</strong></span> <span class='ocrx_word' id='word_1_374' title='bbox 1111 3585 1280 3664; x_wconf 76' lang='lat' dir='ltr'><strong>dignissimi</strong></span> 
     </span>
     <span class='ocr_line' id='line_1_40' title="bbox 67 3672 1279 3760; baseline -0.009 -18"><span class='ocrx_word' id='word_1_375' title='bbox 67 3678 226 3760; x_wconf 90' lang='lat' dir='ltr'><strong>Epiphanii</strong></span> <span class='ocrx_word' id='word_1_376' title='bbox 246 3679 372 3754; x_wconf 82' lang='lat' dir='ltr'><strong>(haeres.</strong></span> <span class='ocrx_word' id='word_1_377' title='bbox 388 3677 456 3756; x_wconf 84' lang='lat'><strong>28.)</strong></span> <span class='ocrx_word' id='word_1_378' title='bbox 476 3676 524 3756; x_wconf 92' lang='lat' dir='ltr'><strong>qui</strong></span> <span class='ocrx_word' id='word_1_379' title='bbox 544 3676 642 3753; x_wconf 82' lang='lat' dir='ltr'><strong>refert,</strong></span> <span class='ocrx_word' id='word_1_380' title='bbox 667 3678 744 3757; x_wconf 93' lang='lat' dir='ltr'><strong>quod</strong></span> <span class='ocrx_word' id='word_1_381' title='bbox 761 3696 779 3736; x_wconf 90' lang='lat' dir='ltr'><strong>a</strong></span> <span class='ocrx_word' id='word_1_382' title='bbox 796 3673 1105 3756; x_wconf 85' lang='lat' dir='ltr'><strong>majoribus-traditum</strong></span> <span class='ocrx_word' id='word_1_383' title='bbox 1124 3672 1279 3751; x_wconf 84' lang='lat' dir='ltr'><strong>acceperit,</strong></span> 
     </span>
     <span class='ocr_line' id='line_1_41' title="bbox 69 3759 1280 3850; baseline -0.007 -22"><span class='ocrx_word' id='word_1_384' title='bbox 69 3771 144 3850; x_wconf 92' lang='lat' dir='ltr'><strong>quod</strong></span> <span class='ocrx_word' id='word_1_385' title='bbox 162 3765 279 3846; x_wconf 92' lang='lat' dir='ltr'><strong>quidam</strong></span> <span class='ocrx_word' id='word_1_386' title='bbox 297 3787 334 3826; x_wconf 87' lang='lat' dir='ltr'><strong>cx</strong></span> <span class='ocrx_word' id='word_1_387' title='bbox 345 3763 598 3826; x_wconf 73' lang='lat' dir='ltr'><strong>cerinthianorum</strong></span> <span class='ocrx_word' id='word_1_388' title='bbox 615 3785 723 3844; x_wconf 78' lang='lat' dir='ltr'><strong>genere</strong></span> <span class='ocrx_word' id='word_1_389' title='bbox 742 3784 851 3837; x_wconf 84' lang='lat' dir='ltr'><strong>enrrnm,</strong></span> <span class='ocrx_word' id='word_1_390' title='bbox 868 3761 918 3840; x_wconf 92' lang='lat' dir='ltr'><strong>qui</strong></span> <span class='ocrx_word' id='word_1_391' title='bbox 935 3761 1009 3821; x_wconf 86' lang='lat' dir='ltr'><strong>sorte</strong></span> <span class='ocrx_word' id='word_1_392' title='bbox 1022 3759 1093 3820; x_wconf 84' lang='lat' dir='ltr'><strong>eitra</strong></span> <span class='ocrx_word' id='word_1_393' title='bbox 1106 3759 1280 3838; x_wconf 89' lang='lat' dir='ltr'><strong>baptismum</strong></span> 
     </span>
    </p>

    <p class='ocr_par' dir='ltr' id='par_1_3' title="bbox 69 3841 1347 4024">
     <span class='ocr_line' id='line_1_42' title="bbox 69 3841 1347 3932; baseline -0.008 -14"><span class='ocrx_word' id='word_1_394' title='bbox 69 3863 271 3927; x_wconf 85' lang='lat' dir='ltr'><strong>excesserunt,</strong></span> <span class='ocrx_word' id='word_1_395' title='bbox 296 3852 412 3912; x_wconf 90' lang='lat' dir='ltr'><strong>nomine</strong></span> <span class='ocrx_word' id='word_1_396' title='bbox 432 3851 604 3932; x_wconf 89' lang='lat' dir='ltr'><strong>baptismum</strong></span> <span class='ocrx_word' id='word_1_397' title='bbox 621 3850 813 3932; x_wconf 75' lang='lat' dir='ltr'><strong>susceperint,</strong></span> <span class='ocrx_word' id='word_1_398' title='bbox 837 3850 943 3929; x_wconf 89' lang='lat' dir='ltr'><strong>quihus</strong></span> <span class='ocrx_word' id='word_1_399' title='bbox 960 3847 1072 3908; x_wconf 92' lang='lat' dir='ltr'><strong>Paulus</strong></span> <span class='ocrx_word' id='word_1_400' title='bbox 1091 3848 1168 3906; x_wconf 90' lang='lat' dir='ltr'><strong>huno</strong></span> <span class='ocrx_word' id='word_1_401' title='bbox 1183 3846 1295 3909; x_wconf 87' lang='lat' dir='ltr'><strong>locum·</strong></span> <span class='ocrx_word' id='word_1_402' title='bbox 1343 3841 1347 3844; x_wconf 61' lang='grc'><strong>’</strong></span> 
     </span>
     <span class='ocr_line' id='line_1_43' title="bbox 69 3934 1280 4024; baseline -0.007 -19"><span class='ocrx_word' id='word_1_403' title='bbox 69 3943 185 4024; x_wconf 89' lang='lat' dir='ltr'><strong>aliaque</strong></span> <span class='ocrx_word' id='word_1_404' title='bbox 197 3939 371 4022; x_wconf 52' lang='lat' dir='ltr'><strong>*).opponit.</strong></span> <span class='ocrx_word' id='word_1_405' title='bbox 405 3939 497 4002; x_wconf 88' lang='lat' dir='ltr'><strong>Porro</strong></span> <span class='ocrx_word' id='word_1_406' title='bbox 515 3939 630 4018; x_wconf 86' lang='lat' dir='ltr'><strong>asserit,</strong></span> <span class='ocrx_word' id='word_1_407' title='bbox 649 3942 725 4021; x_wconf 92' lang='lat' dir='ltr'><strong>quod</strong></span> <span class='ocrx_word' id='word_1_408' title='bbox 741 3936 891 4018; x_wconf 54' lang='lat' dir='ltr'><strong>¹auditione</strong></span> <span class='ocrx_word' id='word_1_409' title='bbox 907 3938 943 3998; x_wconf 88' lang='lat' dir='ltr'><strong>ad</strong></span> <span class='ocrx_word' id='word_1_410' title='bbox 960 3935 1056 4016; x_wconf 89' lang='lat' dir='ltr'><strong>ipsum</strong></span> <span class='ocrx_word' id='word_1_411' title='bbox 1074 3934 1112 3995; x_wconf 89' lang='lat' dir='ltr'><strong>sit</strong></span> <span class='ocrx_word' id='word_1_412' title='bbox 1128 3934 1280 4016; x_wconf 85' lang='lat' dir='ltr'><strong>perlatum,</strong></span> 
     </span>
    </p>
   </div>
   <div class='ocr_carea' id='block_1_3' title="bbox 73 4085 294 4100">
    <p class='ocr_par' dir='ltr' id='par_1_4' title="bbox 73 4085 294 4100">
     <span class='ocr_line' id='line_1_44' title="bbox 73 4085 294 4100; baseline -0.005 -2"><span class='ocrx_word' id='word_1_413' title='bbox 73 4085 294 4100; x_wconf 50' lang='lat' dir='ltr'><strong>—ffl</strong></span> 
     </span>
    </p>
   </div>
   <div class='ocr_carea' id='block_1_4' title="bbox 30 4176 1281 4457">
    <p class='ocr_par' dir='ltr' id='par_1_5' title="bbox 30 4176 1281 4457">
     <span class='ocr_line' id='line_1_45' title="bbox 137 4176 1281 4247; baseline -0.003 -16"><span class='ocrx_word' id='word_1_414' title='bbox 137 4178 166 4247; x_wconf 72' lang='grc' dir='ltr'><strong>Ι’)</strong></span> <span class='ocrx_word' id='word_1_415' title='bbox 186 4178 243 4241; x_wconf 78' lang='lat' dir='ltr'><strong>Non</strong></span> <span class='ocrx_word' id='word_1_416' title='bbox 261 4187 317 4244; x_wconf 86' lang='lat' dir='ltr'><strong>est,</strong></span> <span class='ocrx_word' id='word_1_417' title='bbox 345 4176 411 4246; x_wconf 81' lang='lat' dir='ltr'><strong>quod</strong></span> <span class='ocrx_word' id='word_1_418' title='bbox 429 4180 492 4231; x_wconf 87' lang='lat' dir='ltr'><strong>mihi</strong></span> <span class='ocrx_word' id='word_1_419' title='bbox 510 4179 633 4246; x_wconf 80' lang='lat' dir='ltr'><strong>objicies,</strong></span> <span class='ocrx_word' id='word_1_420' title='bbox 661 4177 727 4244; x_wconf 92' lang='lat' dir='ltr'><strong>quod</strong></span> <span class='ocrx_word' id='word_1_421' title='bbox 747 4177 885 4229; x_wconf 84' lang='lat' dir='ltr'><strong>Corinthus</strong></span> <span class='ocrx_word' id='word_1_422' title='bbox 904 4192 960 4228; x_wconf 83' lang='lat' dir='ltr'><strong>eum</strong></span> <span class='ocrx_word' id='word_1_423' title='bbox 987 4177 1041 4227; x_wconf 87' lang='lat' dir='ltr'><strong>suis</strong></span> <span class='ocrx_word' id='word_1_424' title='bbox 1065 4177 1281 4228; x_wconf 82' lang='lat' dir='ltr'><strong>resurrectionem</strong></span> 
     </span>
     <span class='ocr_line' id='line_1_46' title="bbox 72 4247 1281 4316; baseline -0.007 -14"><span class='ocrx_word' id='word_1_425' title='bbox 72 4257 227 4302; x_wconf 87' lang='lat' dir='ltr'><strong>mortuorum</strong></span> <span class='ocrx_word' id='word_1_426' title='bbox 247 4265 375 4316; x_wconf 78' lang='lat' dir='ltr'><strong>uunquam</strong></span> <span class='ocrx_word' id='word_1_427' title='bbox 395 4250 543 4312; x_wconf 82' lang='lat' dir='ltr'><strong>negaverit,</strong></span> <span class='ocrx_word' id='word_1_428' title='bbox 574 4257 603 4299; x_wconf 85' lang='lat' dir='ltr'><strong>ut</strong></span> <span class='ocrx_word' id='word_1_429' title='bbox 621 4249 705 4314; x_wconf 86' lang='lat' dir='ltr'><strong>potius</strong></span> <span class='ocrx_word' id='word_1_430' title='bbox 724 4263 779 4308; x_wconf 79' lang='lat' dir='ltr'><strong>eam</strong></span> <span class='ocrx_word' id='word_1_431' title='bbox 799 4247 959 4309; x_wconf 79' lang='lat' dir='ltr'><strong>defenderit,</strong></span> <span class='ocrx_word' id='word_1_432' title='bbox 988 4247 1129 4312; x_wconf 85' lang='lat' dir='ltr'><strong>siquidem,</strong></span> <span class='ocrx_word' id='word_1_433' title='bbox 1156 4247 1219 4296; x_wconf 86' lang='lat' dir='ltr'><strong>licet</strong></span> <span class='ocrx_word' id='word_1_434' title='bbox 1236 4259 1281 4294; x_wconf 82' lang='lat' dir='ltr'><strong>ex·</strong></span> 
     </span>
     <span class='ocr_line' id='line_1_47' title="bbox 30 4311 1281 4386; baseline -0.007 -18"><span class='ocrx_word' id='word_1_435' title='bbox 30 4318 33 4324; x_wconf 81' lang='grc'><em>’</em></span> <span class='ocrx_word' id='word_1_436' title='bbox 72 4320 165 4386; x_wconf 83' lang='lat' dir='ltr'><strong>pressis</strong></span> <span class='ocrx_word' id='word_1_437' title='bbox 183 4319 271 4370; x_wconf 83' lang='lat' dir='ltr'><strong>verbis</strong></span> <span class='ocrx_word' id='word_1_438' title='bbox 291 4335 340 4369; x_wconf 91' lang='lat' dir='ltr'><strong>non</strong></span> <span class='ocrx_word' id='word_1_439' title='bbox 361 4320 503 4382; x_wconf 75' lang='lat' dir='ltr'><strong>negaverit,</strong></span> <span class='ocrx_word' id='word_1_440' title='bbox 524 4318 648 4368; x_wconf 79' lang='lat' dir='ltr'><strong>indirecto</strong></span> <span class='ocrx_word' id='word_1_441' title='bbox 666 4323 751 4367; x_wconf 86' lang='lat' dir='ltr'><strong>tamnu</strong></span> <span class='ocrx_word' id='word_1_442' title='bbox 771 4332 827 4366; x_wconf 85' lang='lat' dir='ltr'><strong>eam</strong></span> <span class='ocrx_word' id='word_1_443' title='bbox 845 4316 1011 4384; x_wconf 76' lang='lat' dir='ltr'><strong>oppugnavit.</strong></span> <span class='ocrx_word' id='word_1_444' title='bbox 1043 4314 1105 4366; x_wconf 87' lang='lat' dir='ltr'><strong>Cum</strong></span> <span class='ocrx_word' id='word_1_445' title='bbox 1124 4314 1189 4364; x_wconf 85' lang='lat' dir='ltr'><strong>enim</strong></span> <span class='ocrx_word' id='word_1_446' title='bbox 1207 4311 1281 4362; x_wconf 90' lang='lat' dir='ltr'><strong>Chri·</strong></span> 
     </span>
     <span class='ocr_line' id='line_1_48' title="bbox 74 4381 1280 4457; baseline -0.009 -18"><span class='ocrx_word' id='word_1_447' title='bbox 74 4395 137 4440; x_wconf 88' lang='lat' dir='ltr'><strong>stum</strong></span> <span class='ocrx_word' id='word_1_448' title='bbox 156 4389 258 4457; x_wconf 86' lang='lat' dir='ltr'><strong>quidem</strong></span> <span class='ocrx_word' id='word_1_449' title='bbox 278 4403 382 4456; x_wconf 81' lang='lat' dir='ltr'><strong>pessum</strong></span> <span class='ocrx_word' id='word_1_450' title='bbox 399 4400 427 4438; x_wconf 84' lang='lat' dir='ltr'><strong>et</strong></span> <span class='ocrx_word' id='word_1_451' title='bbox 445 4395 572 4440; x_wconf 88' lang='lat' dir='ltr'><strong>mortuum</strong></span> <span class='ocrx_word' id='word_1_452' title='bbox 593 4401 660 4452; x_wconf 84' lang='lat' dir='ltr'><strong>esse,</strong></span> <span class='ocrx_word' id='word_1_453' title='bbox 681 4387 727 4438; x_wconf 86' lang='lat' dir='ltr'><strong>sed</strong></span> <span class='ocrx_word' id='word_1_454' title='bbox 747 4386 857 4438; x_wconf 87' lang='lat' dir='ltr'><strong>noudum</strong></span> <span class='ocrx_word' id='word_1_455' title='bbox 875 4385 1049 4438; x_wconf 79' lang='lat' dir='ltr'><strong>resurrexisse</strong></span> <span class='ocrx_word' id='word_1_456' title='bbox 1067 4382 1169 4450; x_wconf 89' lang='lat' dir='ltr'><strong>publice</strong></span> <span class='ocrx_word' id='word_1_457' title='bbox 1187 4381 1280 4431; x_wconf 81' lang='lat' dir='ltr'><strong>dooere</strong></span> 
     </span>
    </p>
   </div>
   <div class='ocr_carea' id='block_1_5' title="bbox 0 0 1494 4896">
    <p class='ocr_par' dir='ltr' id='par_1_6' title="bbox 0 0 1494 4896">
     <span class='ocr_line' id='line_1_49' title="bbox 0 0 1494 4896; baseline 0 0"><span class='ocrx_word' id='word_1_458' title='bbox 0 0 1494 4896; x_wconf 95' lang='lat' dir='ltr'><strong> </strong></span> 
     </span>
    </p>
   </div>
  </div>
 </body>
</html>
