2968 4896
227 225 293 294 roa
629 225 762 293 xxxiv.
806 226 897 293 aare.
910 181 1038 292 suurn

229 423 297 466 cere
314 403 363 480 (de
379 402 536 466 Monocbis
550 400 582 482 2,
600 402 646 488 5).
678 403 755 468 Hinc
772 401 1004 468 concludendum
1021 421 1146 466 necesse
1163 410 1217 480 est,
1233 399 1441 464 bellarminum

228 501 358 554 statuere
382 492 467 554 ritum
491 491 571 554 bunc
596 495 633 554 ab
656 511 730 555 acro
753 493 953 574 apostolorum
978 511 1046 556 esse
1070 493 1288 568 deducendum,
1310 490 1439 571 alioquin

229 587 307 642 uerte
324 587 410 642 autor
431 580 498 662 ipse
516 580 572 641 sibi
591 579 677 642 tacite
695 580 916 644 contradiceret.
953 581 1054 660 Magis
1073 579 1196 642 candide
1217 598 1279 640 reru
1297 578 1361 657 agit
1376 579 1440 640 llu-

117 727 121 736 ,
229 678 347 742 cantus,
370 667 417 728 bic
435 667 511 730 eninr
530 687 671 748 expresse
695 669 819 745 latetur,
844 669 968 732 instituti
993 665 1123 730 ultimam
1148 666 1290 746 originem
1315 667 1354 727 ab
1377 665 1441 747 ipsa

228 751 428 836 apestolorum
445 755 598 818 traditione
615 776 681 817 esse
703 759 889 837 repetendam
913 757 963 836 (de
979 755 1057 820 ritib.
1075 755 1182 818 eccles.
1200 757 1230 817 1.
1247 776 1275 836 p.
1291 751 1361 834 92.)
1389 756 1441 815 de·

229 853 331 923 ceptus
348 843 449 924 procul
467 844 555 904 dubio
574 845 675 906 eadem
692 843 826 925 Dionysii
842 844 1032 921 auctoritate,
1060 843 1109 925 qui
1134 852 1247 920 tamea,
1274 853 1393 922 praeter
1414 841 1442 902 id

228 933 306 1012 quod
322 927 429 991 librum
446 929 661 1010 supposititium
677 951 744 994 osse
761 933 886 1013 probant
901 932 954 995 riri
972 930 1066 993 critici
1082 939 1149 1012 post
1164 928 1352 992 Laurentium
1369 929 1444 992 Val-

228 1018 288 1080 lara
306 1028 334 1080 et
350 1017 516 1094 Erasmum,
534 1018 683 1080 Robertus
695 1018 793 1081 Cocus
809 1019 839 1080 iu
858 1039 993 1096 censura,
1010 1019 1133 1082 Riretus
1150 1018 1181 1080 in
1198 1017 1298 1080 critico
1316 1037 1352 1093 s.,
1370 1016 1444 1078 nihil

229 1104 347 1180 omnino
367 1107 403 1167 de
420 1115 622 1186 susceptorum
642 1106 756 1185 origine
781 1107 1024 1170 commemorarit.
1055 1141 1099 1152 ——
1132 1103 1160 1188 ξ.
1185 1106 1215 1168 6.
1247 1104 1323 1166 Cum
1344 1105 1445 1186 itaque

228 1194 302 1254 baec
318 1192 406 1255 unica
422 1193 556 1276 Dionysii
574 1195 732 1259 auctoritas
749 1195 885 1276 vapulet,
910 1205 968 1258 tum
987 1214 1043 1258 sua
1060 1205 1166 1276 sponte
1181 1213 1296 1274 quoque
1311 1192 1371 1254 ruit
1386 1193 1445 1253 illa

229 1279 398 1342 Bellarmiul
417 1290 445 1342 et
462 1281 585 1343 Duranti
609 1281 792 1364 aliorumque
810 1283 925 1364 opini03
949 1283 1057 1364 quibus
1072 1302 1142 1344 vero
1166 1281 1297 1358 videtur,
1321 1281 1359 1342 ab
1377 1281 1445 1362 Hy-

230 1367 301 1449 gino
318 1371 471 1449 petendam
489 1389 556 1432 osse
572 1369 733 1449 originem,
755 1370 778 1432 ii
795 1370 927 1434 Gratiani
950 1373 1131 1432 decretorum
1152 1365 1350 1448 compilatoris
1367 1387 1445 1430 auc·
1472 1397 1473 1444 q

230 1455 345 1518 toritate
362 1475 429 1519 sese
447 1456 521 1518 tueri
540 1456 654 1534 volunt,
681 1458 729 1538 qui
749 1458 838 1520 rerba
855 1457 943 1520 ritata
967 1458 995 1542 ξ.
1012 1460 1044 1521 8.
1081 1456 1201 1539 Hygino
1225 1455 1338 1532 tribuit,
1361 1475 1445 1536 quae
1472 1479 1473 1484 ¹

230 1554 327 1608 tanen
343 1565 403 1606 nou
419 1543 548 1628 Hygini,
578 1547 630 1606 sed
654 1543 822 1626 impostoris
849 1546 1001 1626 cujusdam
1026 1544 1173 1625 sequioris
1191 1543 1255 1606 aeri
1273 1563 1337 1606 esse
1352 1542 1445 1605 iacile

229 1642 323 1714 putet,
349 1634 428 1714 quod
444 1630 550 1694 nullibi
567 1632 617 1694 alii
633 1631 750 1694 illorum
766 1645 926 1714 temporum
950 1633 1110 1712 scriptores
1128 1631 1271 1713 ejusmodi
1288 1642 1446 1712 suscepto-

228 1739 293 1782 rum
311 1719 510 1796 meminerint,
535 1719 637 1801 quales
657 1721 744 1782 tradit
761 1721 929 1784 Gratianus.
970 1720 1102 1800 Denique
1119 1720 1150 1781 id
1172 1719 1329 1781 maximnm
1348 1718 1446 1801 impo-

229 1817 328 1870 sturae
344 1797 506 1891 κριτήριον
522 1829 588 1870 esse
604 1808 739 1885 arbitror,
757 1811 833 1890 quod
851 1807 1080 1870 confirmationis
1097 1828 1182 1886 usus,
1199 1807 1296 1888 qualis
1313 1807 1353 1868 iis
1370 1817 1447 1868 teur-

230 1896 352 1977 poribus
368 1894 438 1972 fuit,
461 1915 520 1956 uon
538 1896 693 1968 conveniat
709 1917 775 1958 cum
791 1894 1024 1978 susceptoribus,
1048 1894 1155 1977 quippe
1171 1897 1248 1976 quod
1265 1893 1448 1956 confirmatio

230 1983 317 2046 simul
335 2002 402 2044 eum
419 1983 562 2062 baptismo
581 1983 784 2061 exhiberetur,
810 1986 887 2046 unde
909 2003 968 2046 uon
985 2003 1060 2065 opus
1077 1993 1140 2046 erat
1156 1983 1206 2045 uui
1223 1982 1301 2046 actui
1319 1985 1447 2044 duorum

230 2089 372 2150 generum
388 2079 575 2150 susceptores
596 2071 756 2152 imponere.
787 2071 904 2134 Platiua
925 2071 954 2133 in
972 2071 1092 2153 Hygino
1115 2070 1192 2133 idem
1210 2070 1316 2133 tradit:
1352 2074 1448 2134 Voluit

230 2177 316 2219 ιιιιιιιιι
330 2160 429 2219 sullana
443 2165 595 2240 patrimoni
610 2179 727 2222 anemos
754 2166 914 2222 matrimoni
937 2159 990 2231 (ita
1006 2161 1129 2222 barbare
1145 2159 1287 2240 loquitur)
1308 2161 1448 2240 baptismo

230 2251 379 2308 inuocare.-
409 2245 460 2326 qui
484 2247 520 2306 ad
546 2248 667 2308 eundern
693 2245 794 2328 procul
819 2247 907 2309 dubio
931 2246 1065 2310 Gratiani
1086 2246 1287 2309 auctoritatem
1311 2247 1448 2323 recurrit,

229 2333 319 2396 aliam
337 2331 414 2395 enim
431 2353 489 2394 uou
506 2333 602 2414 affert,
617 2337 653 2396 dc
669 2356 728 2416 qua
740 2335 814 2415 quid
831 2335 997 2398 babendum
1013 2335 1052 2397 sit
1065 2335 1125 2416 jam
1143 2335 1251 2396 dictum
1269 2341 1325 2396 est.
1359 2333 1448 2396 Coul.

232 2420 331 2485 (locus
347 2421 367 2484 l.
385 2440 410 2486 c.
425 2441 455 2502 p.
472 2442 510 2484 ιιι.
525 2423 578 2494 dl.
603 2457 642 2470 -
670 2421 698 2505 §.
713 2426 745 2484 7.
767 2423 814 2486 Ex
831 2422 916 2485 dictis
933 2422 1005 2486 illud
1022 2420 1128 2504 liquet,
1152 2422 1304 2485 terminum
1322 2421 1449 2483 instituti
1473 2466 1474 2518 q

231 2529 290 2571 uon
307 2509 397 2571 facila
414 2507 527 2570 deliniri
544 2528 643 2590 porse,
662 2509 770 2592 quippe
788 2513 864 2592 quod
881 2509 984 2572 borum
1002 2509 1176 2574 testimoniis
1192 2531 1250 2572 uon
1267 2507 1362 2572 omnis
1380 2509 1448 2591 qui·
1473 2521 1474 2566 l

232 2599 298 2659 dem
317 2596 389 2658 tides
406 2599 590 2675 deneganda,
614 2618 709 2680 neque
726 2607 820 2660 tamen
838 2599 875 2676 ii,
899 2618 974 2680 quos
992 2601 1109 2660 tradunt
1125 2597 1208 2676 ritus,
1229 2619 1296 2660 curu
1315 2597 1448 2660 auctori·
1473 2609 1474 2678 t

232 2685 305 2758 bus,
329 2703 403 2765 quos
420 2703 491 2764 prae
513 2704 546 2746 se
561 2685 675 2762 terunt,
700 2685 842 2768 aequales
867 2707 934 2750 ease
956 2696 1035 2750 certo
1054 2689 1240 2750 credendum.
1275 2687 1351 2748 Rern
1370 2695 1449 2748 certe
1473 2681 1474 2714 ¹

229 2771 309 2854 juste
327 2773 576 2852 expenderemus,
601 2774 627 2835 si
652 2771 726 2834 illud
746 2775 842 2856 ipsum
859 2775 1072 2854 Quaestionum
1090 2786 1118 2836 et
1134 2773 1374 2856 Responsionuru
1392 2775 1448 2836 Ju-

232 2858 300 2922 stini
317 2859 407 2922 Mart.
431 2877 506 2940 opus
532 2861 748 2930 adobitatione
772 2862 914 2925 vindicari
938 2871 1056 2944 posset,
1081 2863 1166 2945 eujus
1192 2860 1326 2944 martyris
1352 2873 1448 2924 tamen

231 2947 423 3030 imposturam
444 2948 572 3029 jamdiu
595 2949 862 3013 animadverterunt
886 2951 964 3013 docti
990 2949 1046 3013 riri
1069 2950 1246 3032 fraudesque
1264 2952 1449 3012 detexerunt.

233 3035 317 3099 llnde
334 3036 363 3096 id
380 3035 466 3100 uobis
481 3036 667 3118 relinquitur,
691 3036 811 3100 aliunde
827 3041 1026 3121 quaerendum
1043 3058 1110 3100 esse
1128 3057 1238 3100 causae
1256 3037 1448 3119 praesidium,

230 3123 319 3206 idque
334 3123 458 3204 primurn
477 3125 727 3206 certissimumque
744 3127 838 3206 prodit
854 3125 1068 3201 Tertullianus,
1084 3125 1323 3188 accuratissimus
1340 3125 1448 3186 rituum
1473 3149 1474 3210 3

232 3210 370 3291 temporis
381 3213 428 3272 sui
445 3211 605 3292 interpres;
621 3213 757 3274 nimirum
774 3214 885 3294 primns
901 3214 987 3276 tradit
998 3213 1127 3276 ordinem
1138 3213 1217 3276 bunc
1233 3224 1448 3294 susceptorum,

231 3297 261 3357 in
280 3318 315 3358 eo
334 3306 431 3358 autem
449 3297 660 3378 negligentior,
687 3302 763 3382 quod
782 3299 855 3362 nibil
879 3303 915 3365 de
934 3301 1050 3382 origine
1076 3303 1141 3384 ejus
1162 3312 1374 3364 commentatus
1392 3301 1448 3378 sitq
1473 3297 1474 3302 ’

231 3383 298 3446 vide
314 3385 350 3446 dc
367 3382 512 3463 baptismo
532 3387 581 3449 17.
612 3387 698 3464 Quod
715 3398 888 3467 argumento
906 3409 972 3452 esse
989 3399 1094 3470 potest,
1118 3389 1282 3452 institutum
1298 3391 1356 3451 boc
1371 3389 1449 3452 ultra

129 3471 132 3476 ’
232 3470 354 3534 alterurn
372 3462 480 3534 Christi
496 3493 558 3534 sec.
575 3493 634 3534 non
651 3494 718 3536 esse
743 3476 967 3557 porrigendum,
991 3487 1056 3539 utut
1078 3477 1106 3539 id
1126 3477 1183 3539 diei
1208 3487 1287 3540 certo
1312 3487 1449 3558 nequeat,

232 3579 293 3640 qun
307 3579 384 3622 anno
400 3569 451 3622 aut
468 3580 525 3641 quo
542 3571 662 3623 auctore
678 3563 822 3644 coeperit,
846 3565 934 3627 dinuo
959 3585 996 3626 an
1024 3585 1125 3646 parum
1144 3574 1211 3628 ante
1229 3562 1448 3628 Tertullianum

231 3646 541 3711 faerit‘introductunr.
575 3649 670 3727 Quam
687 3651 870 3731 sententiam,
887 3673 1061 3734 quamquam
1077 3651 1261 3734 probabilem
1278 3651 1385 3715 saltem
1404 3653 1451 3728 (ut

143 3792 146 3796 .
232 3733 352 3820 dieitur)
379 3736 445 3798 suis
467 3736 631 3800 rationibus
655 3759 713 3798 nna
738 3738 825 3821 plane
849 3741 1032 3818 destitutam,
1058 3741 1294 3804 circumstantiae
1311 3741 1450 3822 temporis

233 3843 349 3905 quoque
362 3825 480 3906 juvanty
506 3825 637 3888 videmus
654 3825 730 3888 enirn
748 3827 905 3890 ecclesiam
923 3833 1095 3909 coetumque
1111 3829 1286 3892 sanctiorem
1304 3830 1360 3890 sub
1377 3829 1451 3890 baec

232 3919 363 3992 tempora
380 3913 563 3989 gravissimis
580 3914 784 3978 vexationibus
809 3915 980 3993 laborasse,
1003 3927 1036 3978 ut
1053 3915 1136 3980 nulla
1151 3938 1209 3978 non
1228 3915 1402 3980 crudelitate
1418 3916 1450 3978 in

233 4015 298 4058 eum
316 3998 605 4065 animadverteretur.
643 4001 803 4065 Crescente
820 4004 896 4065 enim
920 4003 952 4064 iu
976 4004 1040 4066 dies
1060 4001 1293 4067 Christianorum
1315 4025 1448 4081 numero,

232 4083 359 4146 vindicta
376 4107 491 4168 quoque
509 4089 656 4151 severiore
673 4111 725 4152 cas
742 4091 981 4172 comprimebant,
1008 4095 1085 4173 quod
1101 4095 1220 4156 abunde
1237 4099 1362 4155 testatur
1377 4113 1449 4154 cru-

233 4169 340 4233 delitas
357 4172 563 4254 imperatorum
581 4177 716 4258 Trajaui,
733 4178 881 4254 Antonini,
899 4179 1022 4258 Severiy
1040 4191 1195 4264 martyrum
1212 4201 1329 4262 quoque
1345 4199 1448 4242 exem-

232 4258 292 4341 pla,
309 4258 473 4342 Polycarpi,
490 4261 608 4342 ignatii,
624 4265 742 4342 lustini,
770 4266 882 4348 Hygini
905 4264 1099 4351 aliorumque.
1137 4268 1256 4347 Quibus
1273 4270 1364 4330 rebus
1380 4277 1449 4330 tau·

233 4349 299 4410 dena
316 4345 450 4410 effectura
466 4358 520 4426 est,
535 4360 568 4412 ut
583 4350 694 4412 liberos
709 4353 953 4432 Christianorum,
970 4357 1140 4437 parentibus
1154 4356 1219 4419 suis
1235 4359 1356 4418 orbatos
1372 4377 1449 4436 gen-

233 4433 300 4500 tiles
316 4434 420 4502 fraude
435 4436 580 4520 malisque
595 4437 710 4518 artibus
727 4439 979 4510 circumvenirent.
1017 4444 1095 4508 Hinc
1118 4453 1151 4508 ut
1168 4444 1210 4527 pii
1227 4464 1313 4508 omue
1328 4444 1449 4526 pericu·
