2942 4892
206 227 278 310 ιιι
493 175 498 184 ’
634 227 742 304 mur.
774 235 886 303 osae.
902 225 998 321 ιιι

206 414 351 503 Hispanis
374 417 405 478 in
421 433 479 478 usn
497 423 568 494 erat,
591 429 737 478 canonum
756 377 852 477 codici
874 412 1117 493 recognoscendo
1134 407 1223 472 simul
1239 417 1270 473 et
1285 411 1422 490 augendo

206 517 310 593 postea
325 505 423 567 locum
443 505 600 581 dederunt,
624 522 700 585 quoe
715 501 784 565 binc
801 509 829 566 et
844 502 915 564 inde
933 509 1035 563 coacto
1050 501 1176 561 necdum
1199 498 1296 561 relata
1311 498 1346 558 iu
1365 499 1422 560 enrr'

206 596 326 659 inerant
352 592 418 656 aevi
442 591 614 654 recentioris
637 589 774 654 concilia.
817 590 889 652 lade
914 597 982 650 ncta
1005 587 1061 650 toto
1079 599 1156 650 noro
1181 583 1378 650 ιιιιιιὶΙὶιιιιι
1401 597 1423 647 ιι

207 681 421 767 pcntiliciarurn
440 678 629 761 epistolarum
647 676 797 754 collectio,
822 697 882 750 sec,
899 675 964 742 llll.
983 677 1144 757 eodemque
1159 674 1271 752 modio,
1296 681 1422 755 ternpore
1454 749 1455 758 ἵ

207 770 332 840 Isidori,
358 765 562 848 Hispalensis,
588 767 619 827 ia
641 782 728 828 usum
747 764 957 846 Hispaniensis
980 761 1125 826 eeclesiae
1146 762 1325 826 concinnata
1353 771 1381 823 et
1399 761 1422 822 in

171 847 178 856 ⁸
209 861 285 921 onos
300 864 398 939 portes
414 854 518 916 diviso.
547 853 645 915 Prima
661 853 787 916 concilia
803 857 928 935 quatuor
943 851 1096 933 generalia
1109 859 1137 912 et
1153 850 1348 913 oecumenica
1366 869 1422 910 cnn

209 945 384 1030 quibusdam
403 941 549 1004 ecclesiae
566 939 726 1003 Orientelis
745 940 985 1022 provincialibus,
1006 937 1132 1001 eoncilia
1149 955 1234 1020 perro
1251 937 1422 1019 Hispaniae,

208 1031 329 1098 Hirlcae
346 1029 432 1092 etiarn
449 1039 478 1091 et
495 1027 611 1091 Galliae
628 1028 761 1107 exbibe13
785 1031 927 1106 seeundo,
947 1027 1110 1089 decretales
1128 1025 1298 1106 pontiticeue
1314 1027 1422 1088 Rona-

209 1123 314 1183 'norun
340 1116 483 1198 epistolas
506 1133 524 1178 a
546 1117 676 1178 Damaso
700 1133 795 1198 neque
817 1119 854 1178 ad
882 1115 1061 1196 Gregorinm
1084 1115 1246 1193 Magnum,
1280 1113 1370 1194 cujcs
1393 1114 1422 1174 ad

209 1203 405 1282 Hecarednn,
425 1223 525 1284 regem
543 1203 704 1282 Gothorum
724 1219 770 1284 ep.
789 1221 859 1286 pnrs
877 1203 1022 1286 posterior
1038 1201 1199 1279 clauditorq
1222 1201 1310 1263 sicuti
1331 1203 1362 1262 in
1380 1199 1423 1262 illa

209 1287 311 1378 priori,
329 1311 415 1376 quant
432 1289 560 1353 cenobia
577 1301 664 1353 totam
680 1301 835 1373 occupant,
852 1291 964 1353 nullum
980 1290 1026 1353 vel
1044 1289 1224 1353 Graecorum
1240 1288 1287 1351 vel
1302 1289 1424 1351 Latino-

209 1398 276 1444 rnrn
291 1379 425 1457 hebetur,
443 1379 592 1454 Toletano
608 1379 658 1444 lV.
676 1382 753 1461 quod
771 1379 802 1440 in
818 1399 927 1441 ennnnr
944 1379 1018 1460 633.
1037 1377 1148 1454 incidit,
1167 1375 1329 1458 posterius.
1369 1378 1424 1439 Nec

112 1471 115 1478 ⁴
209 1469 299 1534 facile
318 1467 384 1550 quis
407 1466 601 1543 existimabit,
626 1469 703 1533 benc
727 1464 947 1544 collectionem,
974 1467 1052 1546 quod
1071 1464 1187 1546 praeter
1205 1463 1335 1526 eoncilia
1354 1464 1424 1526 domi

211 1554 361 1621 celebrato
379 1554 545 1637 complures
573 1553 666 1617 eidem
683 1553 801 1620 Airioae
818 1564 846 1618 et
862 1553 976 1617 Galliae
992 1553 1096 1636 synodi
1114 1551 1316 1636 compilatoris
1335 1553 1424 1614 studio

211 1653 412 1722 secesserunt,
433 1643 543 1705 idcirce
560 1642 732 1725 Hispanam,
756 1651 806 1704 out
823 1641 854 1703 in
870 1659 956 1704 usum
975 1639 1218 1721 Hispaniensinnr
1236 1639 1424 1702 eeclesiarum

211 1735 383 1797 adornatam
412 1749 469 1792 noe
496 1730 602 1794 fuisse.
646 1731 692 1792 De
720 1726 865 1812 Hispanis
896 1723 972 1792 enim
1003 1729 1063 1810 jam
1093 1729 1202 1808 pridem
1231 1730 1424 1806 observatum,

211 1819 364 1885 studiosos
381 1825 410 1881 ιι
425 1827 556 1880 amentes
572 1835 689 1899 semper
703 1813 786 1881 risos
804 1835 872 1880 esse
889 1835 1033 1894 canonum
1052 1815 1178 1893 Galliae,
1198 1834 1325 1897 quornm
1342 1835 1425 1897 saepo

73 1983 80 1990 ,
210 1908 311 1973 verbis
331 1918 359 1969 et
377 1906 548 1982 sententiis,
569 1905 655 1968 etiam
675 1905 727 1966 ubl
751 1923 802 1969 ιιι
824 1923 884 1966 non
908 1901 1077 1982 nominant,
1100 1919 1228 1966 canones
1249 1921 1325 1965 snos
1343 1904 1424 1973 insti-

211 2003 314 2071 tuunt3
334 1995 411 2075 quod
430 1999 459 2055 et
475 1993 723 2070 Tarraconensis,
742 1992 903 2056 ilerdensis
923 2003 951 2055 et
967 1991 1124 2066 Valentini,
1147 1991 1312 2072 Hispaniae
1330 1992 1425 2054 conei-

211 2081 336 2157 liornnv,
366 2097 442 2160 quae
469 2099 598 2142 canones
616 2079 750 2158 Galliae,
778 2079 901 2162 qnorum
925 2080 1109 2142 autoritatem
1132 2090 1348 2161 sequerentur,
1373 2097 1424 2142 non

213 2166 434 2232 dissimulanter
451 2166 509 2228 sibi
526 2178 750 2248 proposuerunt,
763 2165 913 2250 exemplis
930 2171 1080 2249 probatur.
1117 2167 1253 2229 dirorum
1272 2185 1343 2230 reru
1360 2187 1424 2228 con-

212 2263 348 2321 stateem
364 2253 460 2316 fuisse
475 2254 680 2335 superioribus
697 2275 777 2320 seco.
793 2258 871 2338 apud
889 2272 991 2318 ornnes
1008 2251 1263 2332 existimationem,
1282 2265 1316 2317 ιιι
1333 2275 1423 2319 eorum

213 2360 341 2409 canones
360 2342 437 2405 aliae
454 2343 579 2405 subinde
595 2341 756 2422 ecelesiae,
778 2343 950 2426 praesertim
969 2363 1044 2424 quae
1060 2341 1097 2405 iis
1107 2343 1273 2423 contiguae
1289 2342 1423 2405 allinitate

210 2432 338 2496 viciniae
350 2432 555 2514 jungerentur,
576 2432 780 2512 adoptaverint
796 2442 832 2509 et,
852 2433 966 2513 quoties
983 2431 1026 2492 rei
1044 2449 1116 2492 usus
1133 2430 1254 2508 ferebat,
1275 2430 1423 2493 imitandos

213 2519 331 2584 omnino
348 2519 494 2581 duxerint.
512 2551 555 2566 -
572 2516 599 2600 §.
617 2521 647 2582 9.
667 2519 750 2582 Haec
767 2521 900 2601 quamtis
915 2517 1035 2598 insigne
1050 2527 1187 2582 testatum
1203 2518 1338 2580 iacerent
1354 2520 1424 2580 circa

211 2607 298 2670 tidem
315 2615 344 2668 et
359 2606 544 2688 disciplinam
563 2604 709 2669 ecelesiae
724 2610 842 2670 decreta
858 2605 979 2688 qnaeris
996 2606 1121 2688 posteris
1138 2607 1335 2668 conservandi
1352 2608 1423 2669 etad

211 2708 344 2758 normam
362 2691 480 2756 illorum
500 2695 646 2755 bominum
666 2695 781 2756 enimes
800 2693 948 2774 dirigendi
964 2694 1084 2756 Petrum
1101 2693 1266 2774 Hispaniae
1282 2695 1423 2769 studiom;

211 2799 315 2865 parurn
335 2793 430 2844 tamen
446 2782 484 2843 iis
501 2788 572 2859 erat,
592 2781 622 2842 in
641 2801 730 2843 unum
746 2781 883 2844 volnrnen
902 2782 1087 2862 compegisse
1105 2781 1223 2862 integro
1239 2782 1423 2844 conciliorum

211 2873 406 2934 instrumenta
423 2878 556 2950 totosque
572 2869 653 2931 sedis
668 2869 820 2932 Romanae
838 2865 1008 2950 praesulum
1025 2869 1178 2949 epistulas,
1195 2869 1253 2931 nisi
1270 2880 1299 2932 et
1315 2873 1424 2932 decreta

213 2975 347 3041 quaeque
370 2957 401 3018 in
425 2965 536 3019 eertum
561 2956 678 3037 digesta
696 2957 828 3021 ordinetn
847 2966 876 3019 et
892 2958 956 3020 suis
974 2955 1065 3019 titulis
1083 2955 1279 3039 capitulisque
1296 2957 1426 3022 distincta

213 3045 355 3126 peculiari
375 3044 476 3107 codice
495 3045 757 3123 consignarentur,
783 3063 844 3126 quo
861 3045 919 3106 sibi
935 3045 1062 3126 quisque
1079 3047 1155 3128 qood
1171 3042 1276 3123 vellet,
1300 3044 1426 3107 hauriret

213 3132 283 3196 inde
297 3132 416 3195 iocllius
434 3137 463 3192 et
481 3133 565 3213 quasi
582 3131 613 3192 in
630 3142 781 3196 numerato
797 3133 928 3196 baberet.
973 3133 1050 3196 Hinc
1067 3135 1182 3195 ιιιιιιιιι
1200 3131 1425 3197 corruscavit.

212 3219 300 3284 fineen
317 3230 368 3282 aut
383 3219 462 3282 vlll.
485 3218 570 3280 initia
587 3227 673 3282 natus
692 3229 737 3283 est
754 3239 901 3282 canonum
919 3221 1011 3283 codex
1029 3218 1247 3302 amplissimus,
1273 3239 1311 3283 ex
1330 3221 1425 3302 primi-

213 3308 304 3390 ¹genio
320 3305 501 3370 collectione
517 3306 546 3367 in
565 3307 697 3388 ejusdem
717 3307 863 3371 ecclesiae
875 3329 968 3370 usum
986 3308 1139 3386 conflatur,
1165 3307 1213 3389 qni
1234 3307 1342 3371 liber
1364 3329 1425 3370 oa·

84 3465 91 3482 x,
212 3411 354 3460 nonnro
380 3402 610 3456 sanctorum
627 3394 782 3458 Petrum
806 3395 985 3476 inscriptus,
1005 3393 1131 3461 eoncilia
1145 3395 1310 3477 Hispaniae
1326 3400 1364 3459 ad
1381 3415 1426 3478 sy-

212 3486 322 3549 nodum
342 3499 438 3564 usque
457 3481 534 3544 inter
549 3483 713 3544 Toletonas
731 3485 783 3546 ld.
801 3501 856 3546 nec
874 3483 1029 3565 quicquam
1047 3483 1100 3545 illa
1119 3483 1278 3561 recentius,
1304 3485 1427 3547 exbibet

211 3571 317 3636 Hodex
336 3569 405 3648 ille,
424 3567 591 3632 inconditae
609 3569 694 3632 molis
711 3570 865 3649 volumen,
885 3574 985 3633 decern
1003 3569 1088 3634 libris
1105 3569 1284 3649 absolvitur,
1310 3591 1426 3654 quorun

214 3659 327 3741 singuli
343 3659 444 3740 plures
458 3657 490 3718 in
508 3656 619 3736 titulos,
642 3667 673 3720 nt
689 3666 717 3721 et
733 3657 808 3720 tituli
825 3659 909 3740 plura
926 3655 956 3720 in
974 3658 1103 3742 capitula
1119 3661 1239 3722 abeant.
1284 3659 1426 3741 Quicquid

212 3746 307 3827 igitur
329 3745 521 3828 disciplinae,
546 3746 686 3827 quiequid
709 3746 905 3827 poenitentioe
932 3754 960 3808 et
980 3764 1158 3828 poenorum,
1182 3767 1257 3829 quos
1277 3747 1426 3810 criminun

214 3851 334 3896 snorum
352 3833 437 3916 lapsi.
449 3837 630 3915 pendebant,
651 3843 711 3896 turn
729 3837 807 3918 apud
827 3835 977 3916 Hispanos
997 3845 1074 3911 erat,
1097 3834 1169 3896 illud
1186 3852 1271 3914 ornae
1288 3853 1427 3898 canonum

213 3922 312 3984 codex
323 3922 610 4003 comprehendebat,
633 3921 664 3983 ic
689 3941 747 4003 quo
767 3921 948 4005 conficiendo
967 3923 1165 4004 poliendoque
1184 3925 1257 3986 adeo
1282 3921 1427 3986 laudabile

214 3997 343 4072 studium
362 4007 463 4072 Patres
480 4009 646 4092 Hispaniae
664 4004 890 4074 collocaverant.
942 4020 946 4022 ·

301 4094 385 4160 lte.
414 4095 1144 4179 lledisciplinaecclesioeilomanae.
1175 4097 1204 4178 q.
1222 4099 1250 4162 i.
1275 4096 1385 4161 Deleta
1400 4097 1426 4158 in

214 4181 402 4246 Occidentem
428 4185 573 4265 evangelii
598 4186 685 4264 lnce,
710 4207 770 4249 una
796 4205 833 4250 ex
858 4185 1100 4249 celebratissimis
1127 4185 1254 4247 nominis
1269 4186 1425 4250 cbristiani

214 4269 351 4334 ecclesiis
366 4271 422 4332 init
437 4271 571 4334 Romana
587 4273 725 4351 ecclesia,
749 4275 835 4358 cnjus
854 4273 946 4336 tidem
957 4283 985 4336 ιι
1002 4274 1187 4355 obsequium,
1207 4290 1284 4355 quoe
1304 4273 1363 4338 late
1382 4291 1427 4353 per

215 4360 316 4422 orbctn
333 4359 585 4440 praedicarentur,
601 4360 632 4421 in
649 4381 705 4424 suo
716 4365 754 4424 ιιι
767 4377 831 4424 eant
847 4360 973 4442 epistola
990 4359 1151 4426 celebravit
1162 4359 1330 4442 apostolus.
1349 4361 1427 4424 Certe

210 4445 245 4509 in
263 4443 485 4522 conservandis,
506 4453 538 4506 ιιι
553 4443 620 4508 fidei
638 4457 666 4509 et
685 4449 844 4527 doctrinae,
864 4449 950 4514 itaet
965 4447 1140 4532 disciplinae
1157 4465 1327 4533 morumque
1344 4465 1425 4534 prae·
