<?xml version="1.0" encoding="UTF-8"?>
<!DOCTYPE html PUBLIC "-//W3C//DTD XHTML 1.0 Transitional//EN"
    "http://www.w3.org/TR/xhtml1/DTD/xhtml1-transitional.dtd">
<html xmlns="http://www.w3.org/1999/xhtml" xml:lang="en" lang="en">
 <head>
  <title>
</title>
<meta http-equiv="Content-Type" content="text/html;charset=utf-8" />
  <meta name='ocr-system' content='tesseract 3.04.00' />
  <meta name='ocr-capabilities' content='ocr_page ocr_carea ocr_par ocr_line ocrx_word'/>
</head>
<body>
  <div class='ocr_page' id='page_1' title='image "./thesauruscommen00volbgoog_0318.png"; bbox 0 0 2944 4890; ppageno 0'>
   <div class='ocr_carea' id='block_1_1' title="bbox 301 99 320 140">
    <p class='ocr_par' dir='ltr' id='par_1_1' title="bbox 301 99 320 140">
     <span class='ocr_line' id='line_1_1' title="bbox 301 99 320 140; baseline 0 0"><span class='ocrx_word' id='word_1_1' title='bbox 301 99 320 140; x_wconf 57' lang='grc' dir='ltr'>ἱ</span> 
     </span>
    </p>
   </div>
   <div class='ocr_carea' id='block_1_2' title="bbox 548 164 1294 259">
    <p class='ocr_par' dir='ltr' id='par_1_2' title="bbox 548 164 1294 259">
     <span class='ocr_line' id='line_1_2' title="bbox 548 164 1294 259; baseline 0.011 -10"><span class='ocrx_word' id='word_1_2' title='bbox 548 181 591 250; x_wconf 76' lang='lat' dir='ltr'>oe</span> <span class='ocrx_word' id='word_1_3' title='bbox 604 164 822 254; x_wconf 72' lang='lat' dir='ltr'>renuerant.</span> <span class='ocrx_word' id='word_1_4' title='bbox 1227 189 1294 259; x_wconf 82' lang='lat' dir='ltr'>sn</span> 
     </span>
    </p>
   </div>
   <div class='ocr_carea' id='block_1_3' title="bbox 64 359 1350 1401">
    <p class='ocr_par' dir='ltr' id='par_1_3' title="bbox 64 359 1350 1401">
     <span class='ocr_line' id='line_1_3' title="bbox 64 359 1297 446; baseline 0.006 -23"><span class='ocrx_word' id='word_1_5' title='bbox 64 369 139 440; x_wconf 66' lang='lat' dir='ltr'>tuno</span> <span class='ocrx_word' id='word_1_6' title='bbox 159 361 256 435; x_wconf 62' lang='lat' dir='ltr'>aduren</span> <span class='ocrx_word' id='word_1_7' title='bbox 282 368 368 440; x_wconf 80' lang='lat' dir='ltr'>prout</span> <span class='ocrx_word' id='word_1_8' title='bbox 382 361 458 421; x_wconf 76' lang='lat' dir='ltr'>torn</span> <span class='ocrx_word' id='word_1_9' title='bbox 469 359 584 424; x_wconf 68' lang='lat' dir='ltr'>Felicis</span> <span class='ocrx_word' id='word_1_10' title='bbox 598 363 830 446; x_wconf 73' lang='lat' dir='ltr'>&#39;tubyzacensis</span> <span class='ocrx_word' id='word_1_11' title='bbox 843 373 871 428; x_wconf 89' lang='lat' dir='ltr'>et</span> <span class='ocrx_word' id='word_1_12' title='bbox 886 365 947 428; x_wconf 86' lang='lat' dir='ltr'>ntin</span> <span class='ocrx_word' id='word_1_13' title='bbox 963 367 1082 428; x_wconf 75' lang='lat' dir='ltr'>dooemr</span> <span class='ocrx_word' id='word_1_14' title='bbox 1105 369 1172 428; x_wconf 76' lang='lat' dir='ltr'>otton</span> <span class='ocrx_word' id='word_1_15' title='bbox 1194 373 1297 432; x_wconf 74' lang='lat' dir='ltr'>tanuen·¹</span> 
     </span>
     <span class='ocr_line' id='line_1_4' title="bbox 68 447 1300 536; baseline 0.007 -26"><span class='ocrx_word' id='word_1_16' title='bbox 68 463 212 528; x_wconf 81' lang='lat' dir='ltr'>magnam</span> <span class='ocrx_word' id='word_1_17' title='bbox 235 456 348 527; x_wconf 81' lang='lat' dir='ltr'>partein</span> <span class='ocrx_word' id='word_1_18' title='bbox 367 460 540 512; x_wconf 83' lang='lat' dir='ltr'>recusarent</span> <span class='ocrx_word' id='word_1_19' title='bbox 556 448 641 514; x_wconf 74' lang='lat' dir='ltr'>tran</span> <span class='ocrx_word' id='word_1_20' title='bbox 658 447 850 532; x_wconf 72' lang='lat' dir='ltr'>traditionem,</span> <span class='ocrx_word' id='word_1_21' title='bbox 872 473 941 534; x_wconf 66' lang='lat' dir='ltr'>uror</span> <span class='ocrx_word' id='word_1_22' title='bbox 959 457 995 516; x_wconf 86' lang='lat' dir='ltr'>ad</span> <span class='ocrx_word' id='word_1_23' title='bbox 1013 453 1159 536; x_wconf 83' lang='lat' dir='ltr'>supptieia</span> <span class='ocrx_word' id='word_1_24' title='bbox 1176 467 1205 518; x_wconf 89' lang='lat' dir='ltr'>et</span> <span class='ocrx_word' id='word_1_25' title='bbox 1220 477 1300 520; x_wconf 80' lang='lat' dir='ltr'>oru-.</span> 
     </span>
     <span class='ocr_line' id='line_1_5' title="bbox 69 535 1294 624; baseline 0.006 -25"><span class='ocrx_word' id='word_1_26' title='bbox 69 539 171 600; x_wconf 85' lang='lat' dir='ltr'>cintus</span> <span class='ocrx_word' id='word_1_27' title='bbox 197 535 465 598; x_wconf 77' lang='lat' dir='ltr'>truculentissimus</span> <span class='ocrx_word' id='word_1_28' title='bbox 486 537 557 600; x_wconf 86' lang='lat' dir='ltr'>itum</span> <span class='ocrx_word' id='word_1_29' title='bbox 584 549 637 602; x_wconf 91' lang='lat' dir='ltr'>est.</span> <span class='ocrx_word' id='word_1_30' title='bbox 680 541 767 602; x_wconf 82' lang='lat' dir='ltr'>durat</span> <span class='ocrx_word' id='word_1_31' title='bbox 788 541 835 602; x_wconf 86' lang='lat' dir='ltr'>hio</span> <span class='ocrx_word' id='word_1_32' title='bbox 855 543 975 618; x_wconf 83' lang='lat' dir='ltr'>andire,</span> <span class='ocrx_word' id='word_1_33' title='bbox 1000 563 1076 624; x_wconf 85' lang='lat' dir='ltr'>qnae</span> <span class='ocrx_word' id='word_1_34' title='bbox 1099 545 1137 603; x_wconf 89' lang='lat' dir='ltr'>de</span> <span class='ocrx_word' id='word_1_35' title='bbox 1158 542 1294 623; x_wconf 72' lang='lat' dir='ltr'>ipsorum</span> 
     </span>
     <span class='ocr_line' id='line_1_6' title="bbox 68 623 1295 711; baseline 0.007 -27"><span class='ocrx_word' id='word_1_36' title='bbox 68 624 199 688; x_wconf 79' lang='lat' dir='ltr'>saevitia</span> <span class='ocrx_word' id='word_1_37' title='bbox 219 623 323 684; x_wconf 79' lang='lat' dir='ltr'>titteris</span> <span class='ocrx_word' id='word_1_38' title='bbox 351 624 541 704; x_wconf 82' lang='lat' dir='ltr'>prodiderunt</span> <span class='ocrx_word' id='word_1_39' title='bbox 559 625 722 706; x_wconf 87' lang='lat' dir='ltr'>scriptores·</span> <span class='ocrx_word' id='word_1_40' title='bbox 739 627 924 691; x_wconf 69' lang='lat' dir='ltr'>celeberrimi</span> <span class='ocrx_word' id='word_1_41' title='bbox 941 639 1043 692; x_wconf 88' lang='lat' dir='ltr'>notatu</span> <span class='ocrx_word' id='word_1_42' title='bbox 1061 628 1153 710; x_wconf 71' lang='lat' dir='ltr'>longe</span> <span class='ocrx_word' id='word_1_43' title='bbox 1171 631 1295 711; x_wconf 63' lang='lat' dir='ltr'>dignis-e</span> 
     </span>
     <span class='ocr_line' id='line_1_7' title="bbox 72 709 1293 800; baseline 0.006 -26"><span class='ocrx_word' id='word_1_44' title='bbox 72 715 160 776; x_wconf 77' lang='lat' dir='ltr'>sima.</span> <span class='ocrx_word' id='word_1_45' title='bbox 197 713 242 772; x_wconf 78' lang='lat' dir='ltr'>lta</span> <span class='ocrx_word' id='word_1_46' title='bbox 260 711 385 792; x_wconf 80' lang='lat' dir='ltr'>Optatus</span> <span class='ocrx_word' id='word_1_47' title='bbox 406 712 508 776; x_wconf 82' lang='lat' dir='ltr'>Milev.</span> <span class='ocrx_word' id='word_1_48' title='bbox 533 709 578 793; x_wconf 64' lang='lat'>(3⁴,</span> <span class='ocrx_word' id='word_1_49' title='bbox 596 716 659 786; x_wconf 83' lang='lat' dir='ltr'>8.)r</span> <span class='ocrx_word' id='word_1_50' title='bbox 687 720 749 789; x_wconf 80' lang='lat' dir='ltr'>ero</span> <span class='ocrx_word' id='word_1_51' title='bbox 766 727 894 796; x_wconf 80' lang='lat' dir='ltr'>tenpore,</span> <span class='ocrx_word' id='word_1_52' title='bbox 913 717 1019 798; x_wconf 86' lang='lat' dir='ltr'>inquit,</span> <span class='ocrx_word' id='word_1_53' title='bbox 1037 720 1151 793; x_wconf 72' lang='lat' dir='ltr'>fourrnt</span> <span class='ocrx_word' id='word_1_54' title='bbox 1168 729 1195 779; x_wconf 83' lang='lat' dir='ltr'>et</span> <span class='ocrx_word' id='word_1_55' title='bbox 1210 725 1293 800; x_wconf 77' lang='lat' dir='ltr'>inupti</span> 
     </span>
     <span class='ocr_line' id='line_1_8' title="bbox 70 801 1292 886; baseline 0.004 -24"><span class='ocrx_word' id='word_1_56' title='bbox 70 805 187 876; x_wconf 63' lang='lat' dir='ltr'>noane,</span> <span class='ocrx_word' id='word_1_57' title='bbox 205 801 304 860; x_wconf 77' lang='lat' dir='ltr'>betium</span> <span class='ocrx_word' id='word_1_58' title='bbox 320 802 474 862; x_wconf 67' lang='lat' dir='ltr'>odanttnno</span> <span class='ocrx_word' id='word_1_59' title='bbox 490 809 596 863; x_wconf 78' lang='lat' dir='ltr'>nomini</span> <span class='ocrx_word' id='word_1_60' title='bbox 610 803 776 878; x_wconf 64' lang='lat' dir='ltr'>inserentur</span> <span class='ocrx_word' id='word_1_61' title='bbox 797 823 833 864; x_wconf 86' lang='lat' dir='ltr'>eor</span> <span class='ocrx_word' id='word_1_62' title='bbox 851 807 950 884; x_wconf 74' lang='lat' dir='ltr'>quidne</span> <span class='ocrx_word' id='word_1_63' title='bbox 965 813 994 866; x_wconf 78' lang='lat' dir='ltr'>tn</span> <span class='ocrx_word' id='word_1_64' title='bbox 1011 812 1154 884; x_wconf 79' lang='lat' dir='ltr'>provincio</span> <span class='ocrx_word' id='word_1_65' title='bbox 1168 824 1292 886; x_wconf 65' lang='lat' dir='ltr'>pronon-2.</span> 
     </span>
     <span class='ocr_line' id='line_1_9' title="bbox 68 888 1290 970; baseline 0.005 -20"><span class='ocrx_word' id='word_1_66' title='bbox 68 891 165 951; x_wconf 69' lang='lat' dir='ltr'>meteri</span> <span class='ocrx_word' id='word_1_67' title='bbox 182 888 259 968; x_wconf 68' lang='lat' dir='ltr'>(ona</span> <span class='ocrx_word' id='word_1_68' title='bbox 275 901 369 948; x_wconf 74' lang='lat' dir='ltr'>norm</span> <span class='ocrx_word' id='word_1_69' title='bbox 380 895 528 966; x_wconf 58' lang='lat' dir='ltr'>encauto</span> <span class='ocrx_word' id='word_1_70' title='bbox 544 900 570 950; x_wconf 85' lang='lat' dir='ltr'>et</span> <span class='ocrx_word' id='word_1_71' title='bbox 584 892 656 970; x_wconf 71' lang='lat' dir='ltr'>qnod</span> <span class='ocrx_word' id='word_1_72' title='bbox 672 896 807 966; x_wconf 66' lang='lat' dir='ltr'>ronna)</span> <span class='ocrx_word' id='word_1_73' title='bbox 825 894 922 967; x_wconf 70' lang='lat' dir='ltr'>sanent</span> <span class='ocrx_word' id='word_1_74' title='bbox 937 896 1088 966; x_wconf 82' lang='lat' dir='ltr'>Anntinor,</span> <span class='ocrx_word' id='word_1_75' title='bbox 1105 899 1135 954; x_wconf 88' lang='lat' dir='ltr'>in</span> <span class='ocrx_word' id='word_1_76' title='bbox 1152 897 1290 956; x_wconf 78' lang='lat' dir='ltr'>Narnidin</span> 
     </span>
     <span class='ocr_line' id='line_1_10' title="bbox 69 977 1350 1065; baseline 0.005 -27"><span class='ocrx_word' id='word_1_77' title='bbox 69 979 188 1038; x_wconf 69' lang='lat' dir='ltr'>Ftoren</span> <span class='ocrx_word' id='word_1_78' title='bbox 236 977 371 1036; x_wconf 73' lang='lat' dir='ltr'>annito·</span> <span class='ocrx_word' id='word_1_79' title='bbox 387 986 481 1036; x_wconf 81' lang='lat' dir='ltr'>notent</span> <span class='ocrx_word' id='word_1_80' title='bbox 500 987 548 1052; x_wconf 84' lang='lat' dir='ltr'>cst,</span> <span class='ocrx_word' id='word_1_81' title='bbox 573 980 640 1057; x_wconf 81' lang='lat' dir='ltr'>quid</span> <span class='ocrx_word' id='word_1_82' title='bbox 657 985 752 1039; x_wconf 76' lang='lat' dir='ltr'>corant</span> <span class='ocrx_word' id='word_1_83' title='bbox 767 991 883 1065; x_wconf 78' lang='lat' dir='ltr'>operato</span> <span class='ocrx_word' id='word_1_84' title='bbox 901 987 939 1040; x_wconf 81' lang='lat' dir='ltr'>ott</span> <span class='ocrx_word' id='word_1_85' title='bbox 955 979 1112 1054; x_wconf 75' lang='lat' dir='ltr'>ortifiotorn</span> <span class='ocrx_word' id='word_1_86' title='bbox 1127 981 1293 1058; x_wconf 48' lang='lat' dir='ltr'>oroddiitnar,</span> <span class='ocrx_word' id='word_1_87' title='bbox 1348 977 1350 988; x_wconf 76' lang='lat'>&#39;</span> 
     </span>
     <span class='ocr_line' id='line_1_11' title="bbox 66 1064 1289 1146; baseline 0.006 -22"><span class='ocrx_word' id='word_1_88' title='bbox 66 1069 134 1125; x_wconf 79' lang='lat' dir='ltr'>Atii</span> <span class='ocrx_word' id='word_1_89' title='bbox 166 1064 328 1141; x_wconf 78' lang='lat' dir='ltr'>repedantur</span> <span class='ocrx_word' id='word_1_90' title='bbox 350 1066 454 1143; x_wconf 84' lang='lat' dir='ltr'>tornpio</span> <span class='ocrx_word' id='word_1_91' title='bbox 481 1070 533 1124; x_wconf 86' lang='lat' dir='ltr'>Dei</span> <span class='ocrx_word' id='word_1_92' title='bbox 562 1071 619 1126; x_wconf 86' lang='lat' dir='ltr'>oioi</span> <span class='ocrx_word' id='word_1_93' title='bbox 642 1067 814 1145; x_wconf 66' lang='lat' dir='ltr'>sodomae,</span> <span class='ocrx_word' id='word_1_94' title='bbox 847 1071 898 1128; x_wconf 79' lang='lat' dir='ltr'>odii</span> <span class='ocrx_word' id='word_1_95' title='bbox 924 1069 1062 1128; x_wconf 65' lang='lat' dir='ltr'>fflrrhwno</span> <span class='ocrx_word' id='word_1_96' title='bbox 1089 1089 1209 1146; x_wconf 71' lang='lat' dir='ltr'>nopore,</span> <span class='ocrx_word' id='word_1_97' title='bbox 1235 1072 1289 1131; x_wconf 76' lang='lat' dir='ltr'>otto</span> 
     </span>
     <span class='ocr_line' id='line_1_12' title="bbox 66 1152 1290 1238; baseline 0.006 -26"><span class='ocrx_word' id='word_1_98' title='bbox 66 1155 143 1230; x_wconf 73' lang='lat' dir='ltr'>tepeo</span> <span class='ocrx_word' id='word_1_99' title='bbox 160 1154 273 1212; x_wconf 80' lang='lat' dir='ltr'>dicitnr</span> <span class='ocrx_word' id='word_1_100' title='bbox 288 1152 437 1227; x_wconf 80' lang='lat' dir='ltr'>incendere,</span> <span class='ocrx_word' id='word_1_101' title='bbox 454 1154 505 1212; x_wconf 76' lang='lat' dir='ltr'>aar</span> <span class='ocrx_word' id='word_1_102' title='bbox 522 1154 604 1214; x_wconf 81' lang='lat' dir='ltr'>tinore</span> <span class='ocrx_word' id='word_1_103' title='bbox 621 1173 730 1233; x_wconf 82' lang='lat' dir='ltr'>ponere.</span> <span class='ocrx_word' id='word_1_104' title='bbox 762 1153 833 1218; x_wconf 87' lang='lat' dir='ltr'>Puri</span> <span class='ocrx_word' id='word_1_105' title='bbox 849 1156 934 1216; x_wconf 90' lang='lat' dir='ltr'>ruodo</span> <span class='ocrx_word' id='word_1_106' title='bbox 945 1153 1121 1218; x_wconf 84' lang='lat' dir='ltr'>Lactantius</span> <span class='ocrx_word' id='word_1_107' title='bbox 1139 1158 1189 1238; x_wconf 73' lang='lat' dir='ltr'>(do</span> <span class='ocrx_word' id='word_1_108' title='bbox 1199 1163 1245 1219; x_wconf 87' lang='lat' dir='ltr'>M.</span> <span class='ocrx_word' id='word_1_109' title='bbox 1253 1163 1290 1219; x_wconf 88' lang='lat' dir='ltr'>P.</span> 
     </span>
     <span class='ocr_line' id='line_1_13' title="bbox 64 1233 1343 1300; baseline 0.004 0"><span class='ocrx_word' id='word_1_110' title='bbox 64 1261 90 1300; x_wconf 91' lang='lat' dir='ltr'>o.</span> <span class='ocrx_word' id='word_1_111' title='bbox 116 1239 165 1300; x_wconf 83' lang='lat' dir='ltr'>tn.</span> <span class='ocrx_word' id='word_1_112' title='bbox 204 1238 234 1298; x_wconf 91' lang='lat' dir='ltr'>iu</span> <span class='ocrx_word' id='word_1_113' title='bbox 256 1239 315 1299; x_wconf 81' lang='lat' dir='ltr'>nit:</span> <span class='ocrx_word' id='word_1_114' title='bbox 1341 1233 1343 1246; x_wconf 44' lang='lat'><strong>¹</strong></span> 
     </span>
     <span class='ocr_line' id='line_1_14' title="bbox 170 1235 1094 1401; baseline 0.004 -27"><span class='ocrx_word' id='word_1_115' title='bbox 170 1235 182 1322; x_wconf 74' lang='grc'>)</span> <span class='ocrx_word' id='word_1_116' title='bbox 237 1260 255 1318; x_wconf 68' lang='lat' dir='ltr'><strong>q</strong></span> <span class='ocrx_word' id='word_1_117' title='bbox 275 1314 348 1388; x_wconf 72' lang='lat' dir='ltr'>Note,</span> <span class='ocrx_word' id='word_1_118' title='bbox 366 1323 429 1376; x_wconf 81' lang='lat' dir='ltr'>ouidi</span> <span class='ocrx_word' id='word_1_119' title='bbox 447 1327 471 1376; x_wconf 83' lang='lat' dir='ltr'>ei</span> <span class='ocrx_word' id='word_1_120' title='bbox 492 1327 598 1401; x_wconf 73' lang='lat' dir='ltr'>repone</span> <span class='ocrx_word' id='word_1_121' title='bbox 617 1334 718 1380; x_wconf 72' lang='lat' dir='ltr'>oenwnr</span> <span class='ocrx_word' id='word_1_122' title='bbox 736 1329 789 1378; x_wconf 74' lang='lat' dir='ltr'>sint</span> <span class='ocrx_word' id='word_1_123' title='bbox 807 1343 907 1396; x_wconf 75' lang='lat' dir='ltr'>oenone</span> <span class='ocrx_word' id='word_1_124' title='bbox 924 1334 1034 1392; x_wconf 83' lang='lat' dir='ltr'>centnm,</span> <span class='ocrx_word' id='word_1_125' title='bbox 1091 1305 1094 1312; x_wconf 41' lang='lat'>¹</span> 
     </span>
    </p>
   </div>
   <div class='ocr_carea' id='block_1_4' title="bbox 274 1385 1068 1532">
    <p class='ocr_par' dir='ltr' id='par_1_4' title="bbox 274 1385 1068 1532">
     <span class='ocr_line' id='line_1_15' title="bbox 274 1385 1068 1464; baseline 0.004 -21"><span class='ocrx_word' id='word_1_126' title='bbox 274 1395 375 1444; x_wconf 79' lang='lat' dir='ltr'><strong><em>Ferrea</em></strong></span> <span class='ocrx_word' id='word_1_127' title='bbox 393 1409 457 1458; x_wconf 81' lang='lat' dir='ltr'>noro,</span> <span class='ocrx_word' id='word_1_128' title='bbox 476 1410 563 1446; x_wconf 82' lang='lat' dir='ltr'>onrnee</span> <span class='ocrx_word' id='word_1_129' title='bbox 579 1396 706 1447; x_wconf 78' lang='lat' dir='ltr'>eceteram</span> <span class='ocrx_word' id='word_1_130' title='bbox 724 1385 938 1462; x_wconf 77' lang='lat' dir='ltr'>comperiendcre</span> <span class='ocrx_word' id='word_1_131' title='bbox 955 1397 1068 1464; x_wconf 72' lang='lat' dir='ltr'>formos,</span> 
     </span>
     <span class='ocr_line' id='line_1_16' title="bbox 276 1461 965 1532; baseline 0.009 -21"><span class='ocrx_word' id='word_1_132' title='bbox 276 1461 369 1512; x_wconf 83' lang='lat' dir='ltr'>Omnia</span> <span class='ocrx_word' id='word_1_133' title='bbox 386 1474 531 1528; x_wconf 81' lang='lat' dir='ltr'>poenorum</span> <span class='ocrx_word' id='word_1_134' title='bbox 551 1479 706 1530; x_wconf 78' lang='lat' dir='ltr'>percurrere</span> <span class='ocrx_word' id='word_1_135' title='bbox 726 1465 833 1516; x_wconf 83' lang='lat' dir='ltr'>nomino</span> <span class='ocrx_word' id='word_1_136' title='bbox 852 1477 965 1532; x_wconf 78' lang='lat' dir='ltr'>posnan,</span> 
     </span>
    </p>
   </div>
   <div class='ocr_carea' id='block_1_5' title="bbox 62 1540 1288 1635">
    <p class='ocr_par' dir='ltr' id='par_1_5' title="bbox 62 1540 1288 1635">
     <span class='ocr_line' id='line_1_17' title="bbox 62 1540 1288 1635; baseline 0.003 -25"><span class='ocrx_word' id='word_1_137' title='bbox 62 1573 139 1634; x_wconf 75' lang='lat' dir='ltr'>quone</span> <span class='ocrx_word' id='word_1_138' title='bbox 150 1551 259 1629; x_wconf 72' lang='lat' dir='ltr'>judicer</span> <span class='ocrx_word' id='word_1_139' title='bbox 276 1571 325 1630; x_wconf 81' lang='lat' dir='ltr'>per</span> <span class='ocrx_word' id='word_1_140' title='bbox 339 1556 497 1635; x_wconf 73' lang='lat' dir='ltr'>procinctos</span> <span class='ocrx_word' id='word_1_141' title='bbox 512 1553 595 1626; x_wconf 73' lang='lat' dir='ltr'>doctis</span> <span class='ocrx_word' id='word_1_142' title='bbox 611 1561 691 1631; x_wconf 83' lang='lat' dir='ltr'>otqae</span> <span class='ocrx_word' id='word_1_143' title='bbox 707 1547 895 1613; x_wconf 63' lang='lat' dir='ltr'>innocentibus</span> <span class='ocrx_word' id='word_1_144' title='bbox 911 1555 1079 1627; x_wconf 77' lang='lat' dir='ltr'>intuterant3</span> <span class='ocrx_word' id='word_1_145' title='bbox 1104 1561 1131 1612; x_wconf 88' lang='lat' dir='ltr'>et</span> <span class='ocrx_word' id='word_1_146' title='bbox 1148 1553 1215 1613; x_wconf 85' lang='lat' dir='ltr'>m&#39;ori</span> <span class='ocrx_word' id='word_1_147' title='bbox 1231 1540 1288 1616; x_wconf 78' lang='lat' dir='ltr'>tria</span> 
     </span>
    </p>
   </div>
   <div class='ocr_carea' id='block_1_6' title="bbox 63 1629 1407 1720">
    <p class='ocr_par' dir='ltr' id='par_1_6' title="bbox 63 1629 1407 1720">
     <span class='ocr_line' id='line_1_18' title="bbox 63 1629 1407 1720; baseline 0.003 -22"><span class='ocrx_word' id='word_1_148' title='bbox 63 1647 291 1719; x_wconf 78' lang='lat' dir='ltr'><strong>persecutorum</strong></span> <span class='ocrx_word' id='word_1_149' title='bbox 316 1637 482 1697; x_wconf 83' lang='lat' dir='ltr'>nominoio</span> <span class='ocrx_word' id='word_1_150' title='bbox 505 1639 629 1698; x_wconf 86' lang='lat' dir='ltr'>medium</span> <span class='ocrx_word' id='word_1_151' title='bbox 656 1637 782 1718; x_wconf 88' lang='lat' dir='ltr'>profert,</span> <span class='ocrx_word' id='word_1_152' title='bbox 817 1639 866 1720; x_wconf 93' lang='lat' dir='ltr'>qui</span> <span class='ocrx_word' id='word_1_153' title='bbox 891 1655 962 1720; x_wconf 88' lang='lat' dir='ltr'>prae</span> <span class='ocrx_word' id='word_1_154' title='bbox 987 1630 1055 1701; x_wconf 81' lang='lat' dir='ltr'>aliis</span> <span class='ocrx_word' id='word_1_155' title='bbox 1079 1639 1198 1720; x_wconf 91' lang='lat' dir='ltr'>iniquos</span> <span class='ocrx_word' id='word_1_156' title='bbox 1218 1636 1288 1702; x_wconf 76' lang='lat' dir='ltr'>seed</span> <span class='ocrx_word' id='word_1_157' title='bbox 1403 1629 1407 1644; x_wconf 58' lang='lat'>⁵</span> 
     </span>
    </p>
   </div>
   <div class='ocr_carea' id='block_1_7' title="bbox 61 1720 1384 3997">
    <p class='ocr_par' dir='ltr' id='par_1_7' title="bbox 61 1720 1340 1984">
     <span class='ocr_line' id='line_1_19' title="bbox 63 1720 1288 1808; baseline 0.002 -20"><span class='ocrx_word' id='word_1_158' title='bbox 63 1724 248 1788; x_wconf 87' lang='lat' dir='ltr'>Christianis</span> <span class='ocrx_word' id='word_1_159' title='bbox 266 1723 470 1804; x_wconf 82' lang='lat' dir='ltr'>exhibuerunt,</span> <span class='ocrx_word' id='word_1_160' title='bbox 488 1723 633 1802; x_wconf 87' lang='lat' dir='ltr'>Flaccini‚</span> <span class='ocrx_word' id='word_1_161' title='bbox 651 1725 800 1787; x_wconf 80' lang='lat' dir='ltr'><strong>Hieroclis</strong></span> <span class='ocrx_word' id='word_1_162' title='bbox 817 1736 903 1808; x_wconf 82' lang='lat' dir='ltr'>atq&#39;ne</span> <span class='ocrx_word' id='word_1_163' title='bbox 915 1720 1106 1788; x_wconf 74' lang='lat' dir='ltr'>Priscittinni.</span> <span class='ocrx_word' id='word_1_164' title='bbox 1128 1721 1288 1808; x_wconf 75' lang='lat' dir='ltr'>iungenda</span> 
     </span>
     <span class='ocr_line' id='line_1_20' title="bbox 61 1810 1287 1894; baseline 0.003 -19"><span class='ocrx_word' id='word_1_165' title='bbox 61 1814 151 1875; x_wconf 88' lang='lat' dir='ltr'>hisce</span> <span class='ocrx_word' id='word_1_166' title='bbox 175 1823 244 1873; x_wconf 86' lang='lat' dir='ltr'>sont</span> <span class='ocrx_word' id='word_1_167' title='bbox 277 1811 361 1874; x_wconf 90' lang='lat' dir='ltr'>etiarn</span> <span class='ocrx_word' id='word_1_168' title='bbox 389 1810 460 1884; x_wconf 82' lang='lat' dir='ltr'>itta,</span> <span class='ocrx_word' id='word_1_169' title='bbox 494 1833 569 1894; x_wconf 91' lang='lat' dir='ltr'>qoae</span> <span class='ocrx_word' id='word_1_170' title='bbox 593 1813 669 1874; x_wconf 88' lang='lat' dir='ltr'>idem</span> <span class='ocrx_word' id='word_1_171' title='bbox 698 1817 773 1894; x_wconf 85' lang='lat' dir='ltr'>(cop.</span> <span class='ocrx_word' id='word_1_172' title='bbox 792 1818 841 1877; x_wconf 79' lang='lat' dir='ltr'>tlt.</span> <span class='ocrx_word' id='word_1_173' title='bbox 866 1824 893 1876; x_wconf 90' lang='lat' dir='ltr'>ct</span> <span class='ocrx_word' id='word_1_174' title='bbox 915 1814 1049 1894; x_wconf 81' lang='lat' dir='ltr'>inprimis</span> <span class='ocrx_word' id='word_1_175' title='bbox 1075 1813 1166 1888; x_wconf 88' lang='lat' dir='ltr'>otiam·</span> <span class='ocrx_word' id='word_1_176' title='bbox 1191 1815 1287 1880; x_wconf 76' lang='lat' dir='ltr'>Inottt.</span> 
     </span>
     <span class='ocr_line' id='line_1_21' title="bbox 62 1895 1340 1984; baseline 0 -22"><span class='ocrx_word' id='word_1_177' title='bbox 62 1906 154 1964; x_wconf 79' lang='lat' dir='ltr'>divin.</span> <span class='ocrx_word' id='word_1_178' title='bbox 171 1895 279 1980; x_wconf 84' lang='lat' dir='ltr'>5‚1r.)</span> <span class='ocrx_word' id='word_1_179' title='bbox 299 1899 405 1976; x_wconf 88' lang='lat' dir='ltr'>rotulit,</span> <span class='ocrx_word' id='word_1_180' title='bbox 423 1921 489 1961; x_wconf 87' lang='lat' dir='ltr'>curn</span> <span class='ocrx_word' id='word_1_181' title='bbox 507 1901 632 1962; x_wconf 83' lang='lat' dir='ltr'>maxime</span> <span class='ocrx_word' id='word_1_182' title='bbox 649 1895 862 1964; x_wconf 82' lang='lat' dir='ltr'>memorabilia.</span> <span class='ocrx_word' id='word_1_183' title='bbox 902 1899 953 1963; x_wconf 84' lang='lat' dir='ltr'>Sic</span> <span class='ocrx_word' id='word_1_184' title='bbox 970 1921 1085 1984; x_wconf 90' lang='lat' dir='ltr'>quoque</span> <span class='ocrx_word' id='word_1_185' title='bbox 1102 1903 1137 1963; x_wconf 94' lang='lat' dir='ltr'>de</span> <span class='ocrx_word' id='word_1_186' title='bbox 1153 1901 1286 1980; x_wconf 83' lang='lat' dir='ltr'>Anuiini,</span> <span class='ocrx_word' id='word_1_187' title='bbox 1336 1911 1340 1917; x_wconf 80' lang='grc'><em>“</em></span> 
     </span>
    </p>

    <p class='ocr_par' dir='ltr' id='par_1_8' title="bbox 61 1983 1384 3997">
     <span class='ocr_line' id='line_1_22' title="bbox 62 1983 1384 2072; baseline 0 -20"><span class='ocrx_word' id='word_1_188' title='bbox 62 1989 189 2052; x_wconf 83' lang='lat' dir='ltr'>Africae</span> <span class='ocrx_word' id='word_1_189' title='bbox 214 1987 409 2068; x_wconf 84' lang='lat' dir='ltr'>proconsulis,</span> <span class='ocrx_word' id='word_1_190' title='bbox 432 1989 601 2049; x_wconf 81' lang='lat' dir='ltr'>crudelitate</span> <span class='ocrx_word' id='word_1_191' title='bbox 625 1989 742 2050; x_wconf 86' lang='lat' dir='ltr'>immani</span> <span class='ocrx_word' id='word_1_192' title='bbox 763 1999 906 2050; x_wconf 73' lang='lat' dir='ltr'>testantur</span> <span class='ocrx_word' id='word_1_193' title='bbox 922 1989 997 2052; x_wconf 68' lang='lat' dir='ltr'>tetri</span> <span class='ocrx_word' id='word_1_194' title='bbox 1014 1988 1165 2052; x_wconf 86' lang='lat' dir='ltr'>Saturnini</span> <span class='ocrx_word' id='word_1_195' title='bbox 1186 1983 1286 2072; x_wconf 77' lang='lat' dir='ltr'>pres&#39;b‘.</span> <span class='ocrx_word' id='word_1_196' title='bbox 1319 2049 1326 2067; x_wconf 86' lang='grc'><em>,</em></span> <span class='ocrx_word' id='word_1_197' title='bbox 1383 2033 1384 2036; x_wconf 55' lang='lat'><em>=</em></span> 
     </span>
     <span class='ocr_line' id='line_1_23' title="bbox 63 2067 1285 2159; baseline 0 -19"><span class='ocrx_word' id='word_1_198' title='bbox 63 2091 92 2140; x_wconf 88' lang='lat' dir='ltr'>et</span> <span class='ocrx_word' id='word_1_199' title='bbox 111 2075 259 2138; x_wconf 84' lang='lat' dir='ltr'>sociorum</span> <span class='ocrx_word' id='word_1_200' title='bbox 284 2073 311 2159; x_wconf 64' lang='grc' dir='ltr'>ξ.</span> <span class='ocrx_word' id='word_1_201' title='bbox 327 2075 358 2138; x_wconf 82' lang='lat'>4.</span> <span class='ocrx_word' id='word_1_202' title='bbox 378 2098 406 2156; x_wconf 94' lang='lat' dir='ltr'>p.</span> <span class='ocrx_word' id='word_1_203' title='bbox 427 2077 477 2138; x_wconf 82' lang='lat'>15.</span> <span class='ocrx_word' id='word_1_204' title='bbox 500 2079 535 2136; x_wconf 88' lang='lat' dir='ltr'>ad</span> <span class='ocrx_word' id='word_1_205' title='bbox 555 2073 666 2138; x_wconf 77' lang='lat' dir='ltr'>calcem</span> <span class='ocrx_word' id='word_1_206' title='bbox 686 2077 801 2158; x_wconf 86' lang='lat' dir='ltr'>Optati,</span> <span class='ocrx_word' id='word_1_207' title='bbox 826 2087 854 2140; x_wconf 91' lang='lat' dir='ltr'>et</span> <span class='ocrx_word' id='word_1_208' title='bbox 870 2080 950 2159; x_wconf 81' lang='lat' dir='ltr'>apud</span> <span class='ocrx_word' id='word_1_209' title='bbox 967 2076 1144 2140; x_wconf 83' lang='lat' dir='ltr'>Ruinartunr</span> <span class='ocrx_word' id='word_1_210' title='bbox 1165 2099 1192 2158; x_wconf 82' lang='lat' dir='ltr'>p.</span> <span class='ocrx_word' id='word_1_211' title='bbox 1210 2067 1285 2140; x_wconf 64' lang='grc'>388.</span> 
     </span>
     <span class='ocr_line' id='line_1_24' title="bbox 62 2159 1284 2246; baseline -0.002 -19"><span class='ocrx_word' id='word_1_212' title='bbox 62 2167 224 2246; x_wconf 86' lang='lat' dir='ltr'>Postquam</span> <span class='ocrx_word' id='word_1_213' title='bbox 244 2165 319 2224; x_wconf 88' lang='lat' dir='ltr'>enirn</span> <span class='ocrx_word' id='word_1_214' title='bbox 343 2163 393 2224; x_wconf 91' lang='lat' dir='ltr'>diu</span> <span class='ocrx_word' id='word_1_215' title='bbox 411 2162 590 2224; x_wconf 85' lang='lat' dir='ltr'>cruciatibus</span> <span class='ocrx_word' id='word_1_216' title='bbox 604 2173 765 2233; x_wconf 63' lang='lat' dir='ltr'>,vexaverat</span> <span class='ocrx_word' id='word_1_217' title='bbox 784 2159 949 2227; x_wconf 87' lang='lat' dir='ltr'>durissimis</span> <span class='ocrx_word' id='word_1_218' title='bbox 966 2166 1113 2246; x_wconf 82' lang='lat' dir='ltr'>piissimos</span> <span class='ocrx_word' id='word_1_219' title='bbox 1130 2165 1284 2246; x_wconf 78' lang='lat' dir='ltr'>martyres,</span> 
     </span>
     <span class='ocr_line' id='line_1_25' title="bbox 62 2251 1285 2334; baseline -0.002 -20"><span class='ocrx_word' id='word_1_220' title='bbox 62 2273 162 2334; x_wconf 84' lang='lat' dir='ltr'>neque</span> <span class='ocrx_word' id='word_1_221' title='bbox 180 2264 273 2311; x_wconf 87' lang='lat' dir='ltr'>tamen</span> <span class='ocrx_word' id='word_1_222' title='bbox 291 2251 447 2332; x_wconf 83' lang='lat' dir='ltr'>quidquam</span> <span class='ocrx_word' id='word_1_223' title='bbox 465 2253 606 2313; x_wconf 85' lang='lat' dir='ltr'>adversus</span> <span class='ocrx_word' id='word_1_224' title='bbox 625 2273 675 2314; x_wconf 89' lang='lat' dir='ltr'>eos</span> <span class='ocrx_word' id='word_1_225' title='bbox 693 2253 811 2328; x_wconf 73' lang='lat' dir='ltr'>unieret,</span> <span class='ocrx_word' id='word_1_226' title='bbox 835 2259 864 2312; x_wconf 87' lang='lat' dir='ltr'>in</span> <span class='ocrx_word' id='word_1_227' title='bbox 883 2261 942 2314; x_wconf 81' lang='lat' dir='ltr'>stris</span> <span class='ocrx_word' id='word_1_228' title='bbox 960 2260 1104 2315; x_wconf 82' lang='lat' dir='ltr'>tormentis</span> <span class='ocrx_word' id='word_1_229' title='bbox 1120 2259 1209 2328; x_wconf 80' lang='lat' dir='ltr'>mepte</span> <span class='ocrx_word' id='word_1_230' title='bbox 1225 2257 1285 2331; x_wconf 72' lang='lat' dir='ltr'>ip&#39;s&#39;t</span> 
     </span>
     <span class='ocr_line' id='line_1_26' title="bbox 62 2337 1284 2418; baseline -0.003 -14"><span class='ocrx_word' id='word_1_231' title='bbox 62 2343 209 2404; x_wconf 84' lang='lat' dir='ltr'>Anotinno</span> <span class='ocrx_word' id='word_1_232' title='bbox 224 2349 314 2400; x_wconf 86' lang='lat' dir='ltr'>tortor</span> <span class='ocrx_word' id='word_1_233' title='bbox 326 2350 379 2414; x_wconf 79' lang='lat' dir='ltr'>eot3</span> <span class='ocrx_word' id='word_1_234' title='bbox 397 2342 474 2417; x_wconf 76' lang='lat' dir='ltr'>oojrro</span> <span class='ocrx_word' id='word_1_235' title='bbox 485 2343 596 2400; x_wconf 83' lang='lat' dir='ltr'>tandem</span> <span class='ocrx_word' id='word_1_236' title='bbox 612 2342 702 2402; x_wconf 79' lang='lat' dir='ltr'>robios</span> <span class='ocrx_word' id='word_1_237' title='bbox 713 2343 856 2418; x_wconf 70' lang='lat' dir='ltr'>ferocitate</span> <span class='ocrx_word' id='word_1_238' title='bbox 866 2347 997 2418; x_wconf 77' lang='lat' dir='ltr'>oopinoto</span> <span class='ocrx_word' id='word_1_239' title='bbox 1012 2339 1126 2399; x_wconf 84' lang='lat' dir='ltr'>dieitur.</span> <span class='ocrx_word' id='word_1_240' title='bbox 1146 2337 1284 2400; x_wconf 84' lang='lat' dir='ltr'>Ceterum</span> 
     </span>
     <span class='ocr_line' id='line_1_27' title="bbox 63 2423 1286 2510; baseline -0.002 -21"><span class='ocrx_word' id='word_1_241' title='bbox 63 2449 141 2510; x_wconf 89' lang='lat' dir='ltr'>quos</span> <span class='ocrx_word' id='word_1_242' title='bbox 157 2427 301 2488; x_wconf 77' lang='lat' dir='ltr'>hrrcte&#39;uos</span> <span class='ocrx_word' id='word_1_243' title='bbox 319 2427 451 2506; x_wconf 84' lang='lat' dir='ltr'>generati</span> <span class='ocrx_word' id='word_1_244' title='bbox 470 2427 586 2487; x_wconf 88' lang='lat' dir='ltr'>nornine</span> <span class='ocrx_word' id='word_1_245' title='bbox 602 2425 719 2508; x_wconf 84' lang='lat' dir='ltr'>judices</span> <span class='ocrx_word' id='word_1_246' title='bbox 737 2423 959 2506; x_wconf 88' lang='lat' dir='ltr'>adpeiiavirnus‚</span> <span class='ocrx_word' id='word_1_247' title='bbox 986 2447 1043 2486; x_wconf 91' lang='lat' dir='ltr'>non</span> <span class='ocrx_word' id='word_1_248' title='bbox 1060 2425 1148 2487; x_wconf 83' lang='lat' dir='ltr'>unius</span> <span class='ocrx_word' id='word_1_249' title='bbox 1165 2423 1286 2488; x_wconf 85' lang='lat' dir='ltr'>fuerunt</span> 
     </span>
     <span class='ocr_line' id='line_1_28' title="bbox 64 2513 1283 2596; baseline -0.002 -19"><span class='ocrx_word' id='word_1_250' title='bbox 64 2516 190 2592; x_wconf 78' lang='lat' dir='ltr'>ordiniS,</span> <span class='ocrx_word' id='word_1_251' title='bbox 209 2534 374 2596; x_wconf 82' lang='lat' dir='ltr'>quanquam</span> <span class='ocrx_word' id='word_1_252' title='bbox 393 2515 519 2575; x_wconf 86' lang='lat' dir='ltr'>omniurn</span> <span class='ocrx_word' id='word_1_253' title='bbox 538 2535 626 2574; x_wconf 92' lang='lat' dir='ltr'>uuum</span> <span class='ocrx_word' id='word_1_254' title='bbox 646 2522 707 2576; x_wconf 88' lang='lat' dir='ltr'>orat</span> <span class='ocrx_word' id='word_1_255' title='bbox 725 2513 861 2588; x_wconf 80' lang='lat' dir='ltr'>officium,</span> <span class='ocrx_word' id='word_1_256' title='bbox 879 2515 1011 2575; x_wconf 89' lang='lat' dir='ltr'>codi&#39;curu</span> <span class='ocrx_word' id='word_1_257' title='bbox 1030 2514 1143 2575; x_wconf 84' lang='lat' dir='ltr'>scilicet</span> <span class='ocrx_word' id='word_1_258' title='bbox 1162 2514 1283 2575; x_wconf 85' lang='lat' dir='ltr'>traderi-¹</span> 
     </span>
     <span class='ocr_line' id='line_1_29' title="bbox 65 2599 1283 2680; baseline 0 -16"><span class='ocrx_word' id='word_1_259' title='bbox 65 2605 169 2664; x_wconf 88' lang='lat' dir='ltr'>dorum</span> <span class='ocrx_word' id='word_1_260' title='bbox 187 2601 316 2679; x_wconf 79' lang='lat' dir='ltr'>abolitio.</span> <span class='ocrx_word' id='word_1_261' title='bbox 339 2609 342 2612; x_wconf 74' lang='grc'><strong><em>’</em></strong></span> <span class='ocrx_word' id='word_1_262' title='bbox 363 2599 465 2663; x_wconf 87' lang='lat' dir='ltr'>Omnis</span> <span class='ocrx_word' id='word_1_263' title='bbox 485 2609 579 2662; x_wconf 84' lang='lat' dir='ltr'>tannen</span> <span class='ocrx_word' id='word_1_264' title='bbox 598 2601 708 2662; x_wconf 82' lang='lat' dir='ltr'>ordinis</span> <span class='ocrx_word' id='word_1_265' title='bbox 727 2600 921 2680; x_wconf 74' lang='lat' dir='ltr'>magistratus</span> <span class='ocrx_word' id='word_1_266' title='bbox 934 2603 981 2662; x_wconf 87' lang='lat' dir='ltr'>itio</span> <span class='ocrx_word' id='word_1_267' title='bbox 997 2603 1027 2662; x_wconf 90' lang='lat' dir='ltr'>iu</span> <span class='ocrx_word' id='word_1_268' title='bbox 1046 2621 1167 2663; x_wconf 88' lang='lat' dir='ltr'>censum</span> <span class='ocrx_word' id='word_1_269' title='bbox 1183 2599 1283 2664; x_wconf 74' lang='lat' dir='ltr'>uenire</span> 
     </span>
     <span class='ocr_line' id='line_1_30' title="bbox 64 2689 1283 2770; baseline -0.003 -18"><span class='ocrx_word' id='word_1_270' title='bbox 64 2689 180 2752; x_wconf 87' lang='lat' dir='ltr'>unitum</span> <span class='ocrx_word' id='word_1_271' title='bbox 205 2691 291 2770; x_wconf 86' lang='lat' dir='ltr'>piane</span> <span class='ocrx_word' id='word_1_272' title='bbox 312 2699 356 2750; x_wconf 92' lang='lat' dir='ltr'>est</span> <span class='ocrx_word' id='word_1_273' title='bbox 373 2691 507 2765; x_wconf 81' lang='lat' dir='ltr'>tunium,</span> <span class='ocrx_word' id='word_1_274' title='bbox 536 2709 570 2750; x_wconf 92' lang='lat' dir='ltr'>eo</span> <span class='ocrx_word' id='word_1_275' title='bbox 594 2692 669 2770; x_wconf 88' lang='lat' dir='ltr'>qnod</span> <span class='ocrx_word' id='word_1_276' title='bbox 687 2691 818 2770; x_wconf 87' lang='lat' dir='ltr'>ipsorum</span> <span class='ocrx_word' id='word_1_277' title='bbox 837 2689 953 2751; x_wconf 87' lang='lat' dir='ltr'>nomina</span> <span class='ocrx_word' id='word_1_278' title='bbox 973 2693 1096 2770; x_wconf 81' lang='lat' dir='ltr'>prodant</span> <span class='ocrx_word' id='word_1_279' title='bbox 1119 2699 1185 2750; x_wconf 88' lang='lat' dir='ltr'>acta</span> <span class='ocrx_word' id='word_1_280' title='bbox 1203 2697 1283 2749; x_wconf 77' lang='lat' dir='ltr'>mar-</span> 
     </span>
     <span class='ocr_line' id='line_1_31' title="bbox 63 2772 1282 2861; baseline -0.002 -21"><span class='ocrx_word' id='word_1_281' title='bbox 63 2791 160 2861; x_wconf 81' lang='lat' dir='ltr'>tyrum</span> <span class='ocrx_word' id='word_1_282' title='bbox 185 2787 212 2838; x_wconf 92' lang='lat' dir='ltr'>et</span> <span class='ocrx_word' id='word_1_283' title='bbox 237 2776 306 2838; x_wconf 87' lang='lat' dir='ltr'>belii</span> <span class='ocrx_word' id='word_1_284' title='bbox 331 2777 407 2838; x_wconf 81' lang='lat' dir='ltr'>oncri</span> <span class='ocrx_word' id='word_1_285' title='bbox 432 2777 589 2858; x_wconf 82' lang='lat' dir='ltr'>scriptores</span> <span class='ocrx_word' id='word_1_286' title='bbox 613 2777 752 2838; x_wconf 90' lang='lat' dir='ltr'>universi.</span> <span class='ocrx_word' id='word_1_287' title='bbox 799 2772 842 2837; x_wconf 87' lang='lat' dir='ltr'>ita</span> <span class='ocrx_word' id='word_1_288' title='bbox 866 2776 1051 2859; x_wconf 85' lang='lat' dir='ltr'>postularunt</span> <span class='ocrx_word' id='word_1_289' title='bbox 1070 2798 1088 2838; x_wconf 87' lang='lat' dir='ltr'>a</span> <span class='ocrx_word' id='word_1_290' title='bbox 1104 2773 1282 2838; x_wconf 79' lang='lat' dir='ltr'>Christianis</span> 
     </span>
     <span class='ocr_line' id='line_1_32' title="bbox 63 2862 1282 2946; baseline -0.003 -18"><span class='ocrx_word' id='word_1_291' title='bbox 63 2869 103 2928; x_wconf 87' lang='lat' dir='ltr'>ud</span> <span class='ocrx_word' id='word_1_292' title='bbox 127 2887 232 2946; x_wconf 82' lang='lat' dir='ltr'>rogum</span> <span class='ocrx_word' id='word_1_293' title='bbox 249 2863 405 2928; x_wconf 81' lang='lat' dir='ltr'>roitrmiua</span> <span class='ocrx_word' id='word_1_294' title='bbox 418 2883 504 2926; x_wconf 67' lang='lat' dir='ltr'>sotera</span> <span class='ocrx_word' id='word_1_295' title='bbox 522 2863 721 2946; x_wconf 64' lang='lat' dir='ltr'>proconsules</span> <span class='ocrx_word' id='word_1_296' title='bbox 748 2875 911 2940; x_wconf 79' lang='lat' dir='ltr'>curatores,</span> <span class='ocrx_word' id='word_1_297' title='bbox 931 2864 1081 2943; x_wconf 87' lang='lat' dir='ltr'>praefecti,</span> <span class='ocrx_word' id='word_1_298' title='bbox 1103 2862 1193 2942; x_wconf 81' lang='lat' dir='ltr'>iegati</span> <span class='ocrx_word' id='word_1_299' title='bbox 1210 2877 1282 2943; x_wconf 68' lang='lat' dir='ltr'>pro‘-</span> 
     </span>
     <span class='ocr_line' id='line_1_33' title="bbox 63 2949 1356 3034; baseline -0.004 -17"><span class='ocrx_word' id='word_1_300' title='bbox 63 2953 236 3029; x_wconf 81' lang='lat' dir='ltr'>consulum,</span> <span class='ocrx_word' id='word_1_301' title='bbox 263 2974 471 3034; x_wconf 84' lang='lat' dir='ltr'><em>nonnunquam</em></span> <span class='ocrx_word' id='word_1_302' title='bbox 498 2951 645 3030; x_wconf 86' lang='lat' dir='ltr'>flamines,</span> <span class='ocrx_word' id='word_1_303' title='bbox 673 2951 735 3014; x_wconf 83' lang='lat' dir='ltr'>sire</span> <span class='ocrx_word' id='word_1_304' title='bbox 760 2953 932 3020; x_wconf 87' lang='lat' dir='ltr'>sacerdotes</span> <span class='ocrx_word' id='word_1_305' title='bbox 954 2952 1082 3030; x_wconf 84' lang='lat' dir='ltr'>pagani,</span> <span class='ocrx_word' id='word_1_306' title='bbox 1110 2959 1137 3011; x_wconf 90' lang='lat' dir='ltr'>et</span> <span class='ocrx_word' id='word_1_307' title='bbox 1158 2949 1310 3012; x_wconf 82' lang='lat' dir='ltr'>ministri·</span> <span class='ocrx_word' id='word_1_308' title='bbox 1353 2953 1356 2970; x_wconf 84' lang='lat'><em>&#39;</em></span> 
     </span>
     <span class='ocr_line' id='line_1_34' title="bbox 63 3035 1351 3121; baseline -0.007 -14"><span class='ocrx_word' id='word_1_309' title='bbox 63 3045 229 3108; x_wconf 85' lang='lat' dir='ltr'>Caesarum</span> <span class='ocrx_word' id='word_1_310' title='bbox 247 3041 307 3103; x_wconf 87' lang='lat' dir='ltr'>alii.</span> <span class='ocrx_word' id='word_1_311' title='bbox 354 3041 444 3102; x_wconf 88' lang='lat' dir='ltr'>louuo</span> <span class='ocrx_word' id='word_1_312' title='bbox 468 3063 504 3102; x_wconf 89' lang='lat' dir='ltr'>ne</span> <span class='ocrx_word' id='word_1_313' title='bbox 530 3040 599 3121; x_wconf 91' lang='lat' dir='ltr'>quid</span> <span class='ocrx_word' id='word_1_314' title='bbox 618 3060 718 3101; x_wconf 85' lang='lat' dir='ltr'>eorum</span> <span class='ocrx_word' id='word_1_315' title='bbox 739 3037 917 3120; x_wconf 82' lang='lat' dir='ltr'>impietatem</span> <span class='ocrx_word' id='word_1_316' title='bbox 937 3037 1090 3118; x_wconf 82' lang='lat' dir='ltr'>effugeret,</span> <span class='ocrx_word' id='word_1_317' title='bbox 1111 3057 1175 3098; x_wconf 88' lang='lat' dir='ltr'>curu</span> <span class='ocrx_word' id='word_1_318' title='bbox 1195 3035 1284 3099; x_wconf 79' lang='lat' dir='ltr'>cari·-</span> <span class='ocrx_word' id='word_1_319' title='bbox 1344 3099 1351 3105; x_wconf 84' lang='grc'>,</span> 
     </span>
     <span class='ocr_line' id='line_1_35' title="bbox 61 3125 1282 3208; baseline -0.01 -12"><span class='ocrx_word' id='word_1_320' title='bbox 61 3129 151 3196; x_wconf 88' lang='lat' dir='ltr'>stiani</span> <span class='ocrx_word' id='word_1_321' title='bbox 177 3137 352 3208; x_wconf 78' lang='lat' dir='ltr'>cogerentur</span> <span class='ocrx_word' id='word_1_322' title='bbox 376 3131 412 3190; x_wconf 88' lang='lat' dir='ltr'>ub</span> <span class='ocrx_word' id='word_1_323' title='bbox 436 3125 496 3190; x_wconf 89' lang='lat' dir='ltr'>iliis</span> <span class='ocrx_word' id='word_1_324' title='bbox 516 3128 677 3208; x_wconf 89' lang='lat' dir='ltr'>scripturas</span> <span class='ocrx_word' id='word_1_325' title='bbox 697 3129 811 3189; x_wconf 85' lang='lat' dir='ltr'>tradere</span> <span class='ocrx_word' id='word_1_326' title='bbox 835 3144 872 3188; x_wconf 86' lang='lat' dir='ltr'>ex</span> <span class='ocrx_word' id='word_1_327' title='bbox 894 3137 1048 3208; x_wconf 86' lang='lat' dir='ltr'>praecepto</span> <span class='ocrx_word' id='word_1_328' title='bbox 1066 3127 1282 3206; x_wconf 71' lang='lat' dir='ltr'>imperatorur,</span> 
     </span>
     <span class='ocr_line' id='line_1_36' title="bbox 62 3211 1284 3296; baseline -0.011 -13"><span class='ocrx_word' id='word_1_329' title='bbox 62 3219 173 3283; x_wconf 85' lang='lat' dir='ltr'>milites</span> <span class='ocrx_word' id='word_1_330' title='bbox 193 3217 277 3280; x_wconf 87' lang='lat' dir='ltr'>etiarn</span> <span class='ocrx_word' id='word_1_331' title='bbox 297 3237 396 3278; x_wconf 84' lang='lat' dir='ltr'>secum</span> <span class='ocrx_word' id='word_1_332' title='bbox 415 3217 523 3278; x_wconf 88' lang='lat' dir='ltr'>habere</span> <span class='ocrx_word' id='word_1_333' title='bbox 542 3217 686 3293; x_wconf 89' lang='lat' dir='ltr'>sotebant,</span> <span class='ocrx_word' id='word_1_334' title='bbox 711 3215 893 3296; x_wconf 78' lang='lat' dir='ltr'>adparitores</span> <span class='ocrx_word' id='word_1_335' title='bbox 912 3225 939 3275; x_wconf 90' lang='lat' dir='ltr'>ot</span> <span class='ocrx_word' id='word_1_336' title='bbox 958 3211 1108 3287; x_wconf 77' lang='lat' dir='ltr'>officiales,</span> <span class='ocrx_word' id='word_1_337' title='bbox 1132 3211 1284 3273; x_wconf 51' lang='lat' dir='ltr'>centurio&amp;</span> 
     </span>
     <span class='ocr_line' id='line_1_37' title="bbox 62 3297 1344 3385; baseline -0.008 -15"><span class='ocrx_word' id='word_1_338' title='bbox 62 3330 119 3370; x_wconf 87' lang='lat' dir='ltr'>nes</span> <span class='ocrx_word' id='word_1_339' title='bbox 143 3305 277 3368; x_wconf 80' lang='lat' dir='ltr'>videlicet</span> <span class='ocrx_word' id='word_1_340' title='bbox 295 3316 322 3366; x_wconf 93' lang='lat' dir='ltr'>et</span> <span class='ocrx_word' id='word_1_341' title='bbox 338 3303 553 3381; x_wconf 86' lang='lat' dir='ltr'>beneficiarios,</span> <span class='ocrx_word' id='word_1_342' title='bbox 579 3313 609 3365; x_wconf 92' lang='lat' dir='ltr'>ut</span> <span class='ocrx_word' id='word_1_343' title='bbox 628 3301 707 3385; x_wconf 82' lang='lat' dir='ltr'>patet</span> <span class='ocrx_word' id='word_1_344' title='bbox 726 3321 762 3364; x_wconf 82' lang='lat' dir='ltr'>ex</span> <span class='ocrx_word' id='word_1_345' title='bbox 781 3301 906 3382; x_wconf 87' lang='lat' dir='ltr'>epistola</span> <span class='ocrx_word' id='word_1_346' title='bbox 923 3301 1045 3363; x_wconf 87' lang='lat' dir='ltr'>secundi</span> <span class='ocrx_word' id='word_1_347' title='bbox 1064 3297 1285 3380; x_wconf 78' lang='lat' dir='ltr'>Tigisitaniad·</span> <span class='ocrx_word' id='word_1_348' title='bbox 1337 3379 1344 3385; x_wconf 91' lang='lat'>.</span> 
     </span>
     <span class='ocr_line' id='line_1_38' title="bbox 61 3389 1283 3472; baseline -0.008 -14"><span class='ocrx_word' id='word_1_349' title='bbox 61 3394 249 3458; x_wconf 88' lang='lat' dir='ltr'>Mensoriuru</span> <span class='ocrx_word' id='word_1_350' title='bbox 261 3391 443 3472; x_wconf 74' lang='lat' dir='ltr'>carthagin,</span> <span class='ocrx_word' id='word_1_351' title='bbox 462 3413 546 3472; x_wconf 88' lang='lat' dir='ltr'>quam</span> <span class='ocrx_word' id='word_1_352' title='bbox 564 3389 654 3454; x_wconf 81' lang='lat' dir='ltr'>refert</span> <span class='ocrx_word' id='word_1_353' title='bbox 666 3389 851 3470; x_wconf 77' lang='lat' dir='ltr'>Augustinus</span> <span class='ocrx_word' id='word_1_354' title='bbox 869 3389 911 3469; x_wconf 90' lang='lat' dir='ltr'>(iu</span> <span class='ocrx_word' id='word_1_355' title='bbox 924 3397 1029 3452; x_wconf 83' lang='lat' dir='ltr'>Breoio.</span> <span class='ocrx_word' id='word_1_356' title='bbox 1041 3391 1139 3451; x_wconf 81' lang='lat' dir='ltr'>Gottnt.</span> <span class='ocrx_word' id='word_1_357' title='bbox 1151 3389 1283 3464; x_wconf 68' lang='lat' dir='ltr'>Gorttnnp.</span> 
     </span>
     <span class='ocr_line' id='line_1_39' title="bbox 64 3467 1285 3560; baseline -0.008 -15"><span class='ocrx_word' id='word_1_358' title='bbox 64 3481 507 3560; x_wconf 75' lang='lat' dir='ltr'>d.111.e.13.·p.38tt.e.).</span> <span class='ocrx_word' id='word_1_359' title='bbox 548 3478 649 3556; x_wconf 77' lang='lat' dir='ltr'>Quint</span> <span class='ocrx_word' id='word_1_360' title='bbox 682 3475 761 3560; x_wconf 48' lang='lat' dir='ltr'>quod¹</span> <span class='ocrx_word' id='word_1_361' title='bbox 783 3488 811 3540; x_wconf 90' lang='lat' dir='ltr'>et</span> <span class='ocrx_word' id='word_1_362' title='bbox 835 3473 938 3540; x_wconf 72' lang='lat' dir='ltr'>servos</span> <span class='ocrx_word' id='word_1_363' title='bbox 964 3475 1114 3558; x_wconf 66' lang='lat' dir='ltr'>pomieno,</span> <span class='ocrx_word' id='word_1_364' title='bbox 1143 3467 1285 3535; x_wconf 76' lang='lat' dir='ltr'>utFeli&#39;x&#39;</span> 
     </span>
     <span class='ocr_line' id='line_1_40' title="bbox 63 3559 1284 3648; baseline -0.009 -15"><span class='ocrx_word' id='word_1_365' title='bbox 63 3573 169 3634; x_wconf 71' lang='lat' dir='ltr'>flunmen</span> <span class='ocrx_word' id='word_1_366' title='bbox 189 3569 309 3644; x_wconf 83' lang='lat' dir='ltr'>bovem,</span> <span class='ocrx_word' id='word_1_367' title='bbox 335 3568 365 3628; x_wconf 91' lang='lat' dir='ltr'>in</span> <span class='ocrx_word' id='word_1_368' title='bbox 383 3569 486 3629; x_wconf 89' lang='lat' dir='ltr'>domus</span> <span class='ocrx_word' id='word_1_369' title='bbox 505 3566 743 3640; x_wconf 85' lang='lat' dir='ltr'>intromitterent,</span> <span class='ocrx_word' id='word_1_370' title='bbox 770 3565 819 3648; x_wconf 83' lang='lat' dir='ltr'>qui</span> <span class='ocrx_word' id='word_1_371' title='bbox 845 3565 976 3628; x_wconf 84' lang='lat' dir='ltr'>studiose</span> <span class='ocrx_word' id='word_1_372' title='bbox 992 3560 1061 3625; x_wconf 85' lang='lat' dir='ltr'>ilius</span> <span class='ocrx_word' id='word_1_373' title='bbox 1079 3559 1284 3644; x_wconf 79' lang='lat' dir='ltr'>perquirerent</span> 
     </span>
     <span class='ocr_line' id='line_1_41' title="bbox 68 3644 1367 3735; baseline -0.009 -14"><span class='ocrx_word' id='word_1_374' title='bbox 68 3669 97 3721; x_wconf 88' lang='lat' dir='ltr'>et</span> <span class='ocrx_word' id='word_1_375' title='bbox 121 3657 224 3718; x_wconf 85' lang='lat' dir='ltr'>sedato</span> <span class='ocrx_word' id='word_1_376' title='bbox 249 3655 365 3718; x_wconf 83' lang='lat' dir='ltr'>codices</span> <span class='ocrx_word' id='word_1_377' title='bbox 388 3653 618 3734; x_wconf 69' lang='lat' dir='ltr'>inuestigareut3</span> <span class='ocrx_word' id='word_1_378' title='bbox 649 3654 707 3718; x_wconf 86' lang='lat' dir='ltr'>vid.</span> <span class='ocrx_word' id='word_1_379' title='bbox 735 3653 825 3716; x_wconf 73' lang='lat' dir='ltr'>Ge&#39;sta</span> <span class='ocrx_word' id='word_1_380' title='bbox 848 3645 1137 3735; x_wconf 77' lang='lat' dir='ltr'>apud‘Zeuophiiom</span> <span class='ocrx_word' id='word_1_381' title='bbox 1162 3661 1189 3730; x_wconf 85' lang='lat' dir='ltr'>p&#39;.</span> <span class='ocrx_word' id='word_1_382' title='bbox 1210 3644 1282 3710; x_wconf 62' lang='grc'><strong>186.</strong></span> <span class='ocrx_word' id='word_1_383' title='bbox 1366 3679 1367 3682; x_wconf 39' lang='grc'><strong>“</strong></span> 
     </span>
     <span class='ocr_line' id='line_1_42' title="bbox 66 3730 1285 3828; baseline -0.01 -18"><span class='ocrx_word' id='word_1_384' title='bbox 66 3747 114 3810; x_wconf 82' lang='lat' dir='ltr'>Ex</span> <span class='ocrx_word' id='word_1_385' title='bbox 131 3767 188 3828; x_wconf 92' lang='lat' dir='ltr'>quo</span> <span class='ocrx_word' id='word_1_386' title='bbox 205 3745 309 3806; x_wconf 89' lang='lat' dir='ltr'>deindo</span> <span class='ocrx_word' id='word_1_387' title='bbox 324 3743 432 3804; x_wconf 85' lang='lat' dir='ltr'>iactum</span> <span class='ocrx_word' id='word_1_388' title='bbox 450 3750 503 3820; x_wconf 85' lang='lat' dir='ltr'>est,</span> <span class='ocrx_word' id='word_1_389' title='bbox 521 3751 551 3803; x_wconf 93' lang='lat' dir='ltr'>ut</span> <span class='ocrx_word' id='word_1_390' title='bbox 567 3741 755 3804; x_wconf 83' lang='lat' dir='ltr'>sanctissima</span> <span class='ocrx_word' id='word_1_391' title='bbox 770 3731 920 3802; x_wconf 80' lang='lat' dir='ltr'>volumina</span> <span class='ocrx_word' id='word_1_392' title='bbox 936 3739 1062 3820; x_wconf 83' lang='lat' dir='ltr'>puhlicis</span> <span class='ocrx_word' id='word_1_393' title='bbox 1078 3737 1108 3798; x_wconf 91' lang='lat' dir='ltr'>in</span> <span class='ocrx_word' id='word_1_394' title='bbox 1125 3735 1199 3798; x_wconf 86' lang='lat' dir='ltr'>l&#39;oci&#39;s&#39;</span> <span class='ocrx_word' id='word_1_395' title='bbox 1211 3730 1285 3812; x_wconf 67' lang='lat' dir='ltr'>iterio*</span> 
     </span>
     <span class='ocr_line' id='line_1_43' title="bbox 68 3823 1350 3912; baseline -0.009 -16"><span class='ocrx_word' id='word_1_396' title='bbox 68 3842 330 3909; x_wconf 60' lang='lat' dir='ltr'>consumerenturp</span> <span class='ocrx_word' id='word_1_397' title='bbox 355 3831 384 3891; x_wconf 90' lang='lat' dir='ltr'>id</span> <span class='ocrx_word' id='word_1_398' title='bbox 406 3832 482 3912; x_wconf 93' lang='lat' dir='ltr'>quod</span> <span class='ocrx_word' id='word_1_399' title='bbox 503 3829 534 3890; x_wconf 90' lang='lat' dir='ltr'>iu</span> <span class='ocrx_word' id='word_1_400' title='bbox 558 3830 652 3892; x_wconf 90' lang='lat' dir='ltr'>medio</span> <span class='ocrx_word' id='word_1_401' title='bbox 676 3829 740 3890; x_wconf 84' lang='lat' dir='ltr'>foro</span> <span class='ocrx_word' id='word_1_402' title='bbox 761 3829 908 3890; x_wconf 77' lang='lat' dir='ltr'>accidisse</span> <span class='ocrx_word' id='word_1_403' title='bbox 926 3835 1013 3908; x_wconf 81' lang='lat' dir='ltr'>atque</span> <span class='ocrx_word' id='word_1_404' title='bbox 1033 3827 1095 3888; x_wconf 84' lang='lat' dir='ltr'>suis</span> <span class='ocrx_word' id='word_1_405' title='bbox 1120 3835 1155 3886; x_wconf 76' lang='lat' dir='ltr'>s&#39;e&#39;</span> <span class='ocrx_word' id='word_1_406' title='bbox 1170 3823 1284 3886; x_wconf 76' lang='lat' dir='ltr'>uidisse</span> <span class='ocrx_word' id='word_1_407' title='bbox 1343 3897 1350 3904; x_wconf 43' lang='grc'><strong>,</strong></span> 
     </span>
     <span class='ocr_line' id='line_1_44' title="bbox 67 3913 876 3997; baseline -0.011 -12"><span class='ocrx_word' id='word_1_408' title='bbox 67 3919 163 3986; x_wconf 89' lang='lat' dir='ltr'>oculis</span> <span class='ocrx_word' id='word_1_409' title='bbox 181 3919 331 3984; x_wconf 79' lang='lat' dir='ltr'>Eusebius</span> <span class='ocrx_word' id='word_1_410' title='bbox 349 3918 415 3980; x_wconf 86' lang='lat' dir='ltr'>hist.</span> <span class='ocrx_word' id='word_1_411' title='bbox 435 3917 507 3980; x_wconf 89' lang='lat' dir='ltr'>ecci.</span> <span class='ocrx_word' id='word_1_412' title='bbox 524 3913 554 3997; x_wconf 89' lang='lat'>8,</span> <span class='ocrx_word' id='word_1_413' title='bbox 574 3920 603 3982; x_wconf 83' lang='lat'>2.</span> <span class='ocrx_word' id='word_1_414' title='bbox 622 3917 729 3980; x_wconf 79' lang='lat' dir='ltr'>diserte</span> <span class='ocrx_word' id='word_1_415' title='bbox 747 3926 876 3989; x_wconf 83' lang='lat' dir='ltr'>testatur.</span> 
     </span>
    </p>
   </div>
   <div class='ocr_carea' id='block_1_8' title="bbox 66 4029 1345 4478">
    <p class='ocr_par' dir='ltr' id='par_1_9' title="bbox 66 4029 1345 4478">
     <span class='ocr_line' id='line_1_45' title="bbox 77 4029 1345 4128; baseline -0.006 -23"><span class='ocrx_word' id='word_1_416' title='bbox 77 4089 82 4094; x_wconf 86' lang='lat'>-</span> <span class='ocrx_word' id='word_1_417' title='bbox 155 4041 183 4126; x_wconf 66' lang='grc' dir='ltr'>ξ.</span> <span class='ocrx_word' id='word_1_418' title='bbox 205 4039 245 4106; x_wconf 75' lang='lat' dir='ltr'>n</span> <span class='ocrx_word' id='word_1_419' title='bbox 276 4039 317 4106; x_wconf 80' lang='lat' dir='ltr'>st</span> <span class='ocrx_word' id='word_1_420' title='bbox 345 4038 385 4104; x_wconf 85' lang='lat' dir='ltr'>de</span> <span class='ocrx_word' id='word_1_421' title='bbox 410 4039 524 4104; x_wconf 82' lang='lat' dir='ltr'>concie</span> <span class='ocrx_word' id='word_1_422' title='bbox 549 4058 698 4128; x_wconf 66' lang='lat' dir='ltr'>paeane</span> <span class='ocrx_word' id='word_1_423' title='bbox 754 4034 871 4126; x_wconf 77' lang='lat' dir='ltr'>quidne</span> <span class='ocrx_word' id='word_1_424' title='bbox 901 4039 1079 4100; x_wconf 74' lang='lat' dir='ltr'>comnotus</span> <span class='ocrx_word' id='word_1_425' title='bbox 1106 4039 1284 4118; x_wconf 79' lang='lat' dir='ltr'>tantopere</span> <span class='ocrx_word' id='word_1_426' title='bbox 1342 4029 1345 4036; x_wconf 85' lang='lat'>&#39;</span> 
     </span>
     <span class='ocr_line' id='line_1_46' title="bbox 66 4085 1283 4220; baseline -0.011 -23"><span class='ocrx_word' id='word_1_427' title='bbox 66 4128 176 4220; x_wconf 72' lang='lat' dir='ltr'>suerit</span> <span class='ocrx_word' id='word_1_428' title='bbox 193 4125 439 4214; x_wconf 79' lang='lat' dir='ltr'>Diocletianae,</span> <span class='ocrx_word' id='word_1_429' title='bbox 460 4132 498 4191; x_wconf 84' lang='lat' dir='ltr'>nt</span> <span class='ocrx_word' id='word_1_430' title='bbox 519 4127 649 4210; x_wconf 74' lang='lat' dir='ltr'>scripta</span> <span class='ocrx_word' id='word_1_431' title='bbox 671 4085 938 4192; x_wconf 69' lang='lat' dir='ltr'>Giriotinnornm</span> <span class='ocrx_word' id='word_1_432' title='bbox 959 4119 1182 4188; x_wconf 80' lang='lat' dir='ltr'>comburendo</span> <span class='ocrx_word' id='word_1_433' title='bbox 1202 4140 1283 4186; x_wconf 88' lang='lat' dir='ltr'>oon-</span> 
     </span>
     <span class='ocr_line' id='line_1_47' title="bbox 68 4204 1283 4308; baseline -0.012 -24"><span class='ocrx_word' id='word_1_434' title='bbox 68 4218 226 4308; x_wconf 78' lang='lat' dir='ltr'>qrnireret,</span> <span class='ocrx_word' id='word_1_435' title='bbox 249 4211 333 4280; x_wconf 77' lang='lat' dir='ltr'>nihil</span> <span class='ocrx_word' id='word_1_436' title='bbox 354 4210 429 4300; x_wconf 79' lang='lat' dir='ltr'>fere</span> <span class='ocrx_word' id='word_1_437' title='bbox 452 4215 535 4279; x_wconf 74' lang='lat' dir='ltr'>cordi</span> <span class='ocrx_word' id='word_1_438' title='bbox 554 4213 739 4298; x_wconf 77' lang='lat' dir='ltr'>producere</span> <span class='ocrx_word' id='word_1_439' title='bbox 757 4230 816 4276; x_wconf 78' lang='lat' dir='ltr'>otoo</span> <span class='ocrx_word' id='word_1_440' title='bbox 833 4230 929 4296; x_wconf 79' lang='lat' dir='ltr'>posse</span> <span class='ocrx_word' id='word_1_441' title='bbox 947 4209 981 4274; x_wconf 88' lang='lat' dir='ltr'>in</span> <span class='ocrx_word' id='word_1_442' title='bbox 1000 4209 1144 4276; x_wconf 81' lang='lat' dir='ltr'>medinm</span> <span class='ocrx_word' id='word_1_443' title='bbox 1162 4204 1283 4294; x_wconf 63' lang='lat' dir='ltr'>fetore-g</span> 
     </span>
     <span class='ocr_line' id='line_1_48' title="bbox 69 4292 1286 4392; baseline -0.014 -20"><span class='ocrx_word' id='word_1_444' title='bbox 69 4307 148 4372; x_wconf 83' lang='lat' dir='ltr'>dnm</span> <span class='ocrx_word' id='word_1_445' title='bbox 170 4311 229 4392; x_wconf 77' lang='lat' dir='ltr'>ent,</span> <span class='ocrx_word' id='word_1_446' title='bbox 253 4323 330 4368; x_wconf 80' lang='lat' dir='ltr'>corno</span> <span class='ocrx_word' id='word_1_447' title='bbox 350 4307 490 4366; x_wconf 82' lang='lat' dir='ltr'>taceant</span> <span class='ocrx_word' id='word_1_448' title='bbox 510 4299 592 4366; x_wconf 80' lang='lat' dir='ltr'>illac</span> <span class='ocrx_word' id='word_1_449' title='bbox 612 4305 748 4365; x_wconf 79' lang='lat' dir='ltr'>tontum</span> <span class='ocrx_word' id='word_1_450' title='bbox 768 4319 835 4364; x_wconf 82' lang='lat' dir='ltr'>aon</span> <span class='ocrx_word' id='word_1_451' title='bbox 851 4296 957 4384; x_wconf 76' lang='lat' dir='ltr'>pinno</span> <span class='ocrx_word' id='word_1_452' title='bbox 974 4297 1153 4382; x_wconf 78' lang='lat' dir='ltr'>scriptores</span> <span class='ocrx_word' id='word_1_453' title='bbox 1171 4292 1286 4358; x_wconf 82' lang='lat' dir='ltr'>coaevi</span> 
     </span>
     <span class='ocr_line' id='line_1_49' title="bbox 70 4383 1284 4478; baseline -0.012 -18"><span class='ocrx_word' id='word_1_454' title='bbox 70 4393 117 4460; x_wconf 80' lang='lat' dir='ltr'>od</span> <span class='ocrx_word' id='word_1_455' title='bbox 135 4413 243 4460; x_wconf 77' lang='lat' dir='ltr'>annon</span> <span class='ocrx_word' id='word_1_456' title='bbox 261 4409 383 4458; x_wconf 73' lang='lat' dir='ltr'>oroneo.</span> <span class='ocrx_word' id='word_1_457' title='bbox 426 4385 633 4474; x_wconf 74' lang='lat' dir='ltr'>donjootnrio</span> <span class='ocrx_word' id='word_1_458' title='bbox 654 4387 924 4478; x_wconf 72' lang='lat' dir='ltr'>denunciandum</span> <span class='ocrx_word' id='word_1_459' title='bbox 946 4383 1038 4452; x_wconf 75' lang='lat' dir='ltr'>toan</span> <span class='ocrx_word' id='word_1_460' title='bbox 1058 4384 1121 4450; x_wconf 87' lang='lat' dir='ltr'>orit</span> <span class='ocrx_word' id='word_1_461' title='bbox 1144 4398 1284 4466; x_wconf 69' lang='lat' dir='ltr'>maeque</span> 
     </span>
    </p>
   </div>
   <div class='ocr_carea' id='block_1_9' title="bbox 0 0 1476 4890">
    <p class='ocr_par' dir='ltr' id='par_1_10' title="bbox 0 0 1476 4890">
     <span class='ocr_line' id='line_1_50' title="bbox 0 0 1476 4890; baseline 0 1"><span class='ocrx_word' id='word_1_462' title='bbox 0 0 1476 4890; x_wconf 95' lang='lat' dir='ltr'> </span> 
     </span>
    </p>
   </div>
  </div>
 </body>
</html>
