2944 4890
553 234 589 296 de
608 231 828 302 Traditoribus.
1043 277 1046 282 -
1064 185 1067 188 Ι
1232 233 1299 296 317

77 403 200 484 dautur.
245 401 352 467 Verum
368 411 401 466 nt
420 413 541 483 taceam,
561 410 637 490 quod
656 429 748 489 supra
762 407 820 489 jam
840 406 955 480 monui,
976 427 1033 468 non
1054 427 1131 468 anno
1151 405 1226 488 302.ι
1249 409 1301 470 sed

71 490 219 570 sequenti
239 493 356 557 doenum
371 495 605 572 persecutionem
623 496 718 558 luisse
734 494 918 572 inchoatam3
939 495 1034 558 salsus
1053 503 1203 574 praeterea
1219 495 1249 556 in
1267 516 1301 556 eo

79 588 129 639 est
145 578 310 652 Barenins,
335 583 413 660 quod
431 579 568 662 Cypriani
594 584 760 666 martyrium
781 587 817 644 ad
837 605 944 646 annunt
971 585 1032 646 261
1060 581 1207 659 retulerit,
1234 603 1301 643 cum

75 667 141 746 jam
157 687 236 728 anuo
253 667 327 730 258.
346 670 374 730 d.
390 671 439 730 18.
459 669 524 730 Cal.
542 670 679 734 Octobris
698 671 876 752 Cypriacam
895 691 1013 751 pessum
1028 671 1123 732 fuisse
1139 671 1203 750 ipsa
1221 673 1301 730 mim-

80 753 149 834 tyrii
176 753 256 815 illius
281 765 347 816 aeta
367 757 589 835 proconsularia
614 762 767 820 ostendant
794 758 857 842 (ap.
873 761 1050 834 ¹Ruinartum
1071 759 1101 819 in
1122 763 1200 820 Actis
1220 768 1301 820 murt.

77 848 198 904 sinceris
215 853 241 902 et
255 845 344 912 select.
361 865 389 923 p.
410 845 508 920 218.).
542 848 685 923 Quemvis
701 867 771 908 vcro
790 860 898 908 eertum
917 847 964 921 sit,
983 845 1015 908 S.
1033 845 1209 928 Cyprianem
1230 867 1299 908 ann.

77 929 156 990 258.
176 930 305 1010 martyrii
326 951 462 998 coronam
482 933 643 1014 accepisse,
668 937 795 996 nondum
814 945 909 996 tamen
927 936 994 1007 inde
1013 934 1099 1014 plena
1118 933 1169 994 lux
1187 933 1300 994 rteredit
1338 1007 1341 1012 ι

77 1017 217 1096 tempori,
242 1039 299 1098 quo
317 1018 505 1080 Traditorum
526 1041 630 1082 nomen
652 1037 744 1084 ortum
760 1029 819 1086 est.
864 1022 1028 1084 Obscurum
1054 1021 1169 1102 quidem
1189 1021 1300 1082 nemini

77 1124 150 1168 esse
171 1113 283 1188 potest,
308 1106 338 1166 in
364 1127 432 1168 ann.
450 1107 523 1170 303.
547 1110 762 1190 persecutionis
782 1109 894 1170 initium
912 1109 1063 1186 incidere,
1084 1112 1215 1189 adeoque
1235 1109 1261 1170 si
1282 1129 1300 1169 a

76 1191 222 1272 passione
234 1193 266 1256 S.
280 1193 420 1274 Cypriani
437 1216 529 1277 usque
547 1200 585 1258 ad
601 1198 687 1260 istum
705 1219 813 1260 annum
831 1207 985 1277 computus
1002 1195 1063 1274 liat,
1081 1198 1175 1258 redire
1194 1197 1299 1260 exinde
1358 1244 1363 1256 ,

74 1301 179 1355 anuos
196 1279 249 1344 44.
275 1281 384 1346 Verum
400 1304 436 1346 ne
453 1283 497 1345 sic
514 1284 790 1366 quidemdednitam
807 1285 934 1346 nominis
953 1284 1095 1362 originem
1113 1307 1151 1346 ex
1167 1284 1217 1346 illo
1235 1284 1299 1344 loco
1337 1327 1342 1335 -

74 1367 192 1448 liquere
220 1369 407 1432 manifestum
434 1382 496 1447 est,
525 1394 588 1434 cum
617 1373 690 1434 illud
713 1376 806 1446 uude,
842 1376 919 1455 quod
946 1373 1132 1452 Augustinus
1157 1368 1298 1447 adhibuit,

75 1457 167 1518 etiam
186 1456 272 1518 istam
290 1459 437 1520 sustinere
456 1470 544 1541 queat
563 1460 826 1540 significationem,
851 1468 882 1521 ut
902 1460 1018 1540 quidem
1038 1459 1173 1539 designet
1191 1461 1226 1520 ult
1250 1462 1298 1521 illo

74 1555 216 1625 ternpore,
239 1552 313 1608 circe
337 1549 408 1608 illud
431 1557 556 1628 temptem
586 1571 643 1628 quo
669 1547 798 1629 prolecto
828 1547 974 1610 delinitum
997 1568 1032 1608 ac
1061 1557 1169 1608 eertum
1190 1567 1297 1608 annum

74 1631 230 1712 designari
249 1653 333 1694 nemo
350 1632 440 1696 facile
457 1634 628 1698 adfirmabit.
668 1635 786 1698 iuterim
805 1634 891 1715 plane
909 1656 968 1696 non
985 1634 1094 1712 dubito,
1111 1634 1189 1696 haud
1208 1634 1297 1714 longe
1392 1665 1397 1674 r

74 1723 117 1780 ab
143 1720 201 1780 isto
227 1730 371 1802 tempore,
399 1743 455 1802 quo
481 1722 611 1785 criminis
635 1723 714 1786 notio
738 1723 853 1785 invecta
877 1733 937 1800 est,
961 1725 1156 1804 quaerendam
1182 1743 1298 1803 quoque

75 1808 271 1870 Traditcrum
295 1808 423 1870 nominis
449 1831 515 1873 esse
540 1811 693 1890 originem.
740 1809 826 1872 Certe
850 1833 927 1872 nouo
945 1811 1019 1874 305.
1044 1811 1122 1872 istud
1139 1810 1198 1890 jam
1218 1809 1297 1871 obti-

76 1895 195 1973 nuisse,
213 1917 299 1976 quarn
317 1895 479 1960 clarissime
496 1901 653 1960 ostendunt
668 1908 733 1960 acta
750 1917 834 1960 conc.
845 1897 990 1962 Cirtensis
1003 1899 1032 1959 in
1044 1897 1182 1960 Numidis
1194 1896 1296 1974 babiti,

76 2005 132 2064 quo
156 1989 293 2064 episcopi,
311 1991 498 2064 interropente
514 1990 654 2066 Secundo,
679 1989 830 2050 Numidiae
847 1985 988 2065 Primum,
1012 1989 1160 2048 tradidisse
1177 1987 1297 2061 confesti

76 2081 163 2147 suut,
188 2073 361 2134 observante
381 2071 486 2152 Optato
505 2072 610 2138 Milev.
628 2077 661 2136 de
676 2079 786 2137 sobism.
806 2081 946 2136 Donutiet.
971 2075 998 2150 l,
1023 2077 1070 2137 tlt.
1116 2074 1181 2134 Hoc
1200 2072 1295 2152 ipsum
1395 2071 1406 2096 ¹

75 2179 148 2222 vero
173 2157 330 2221 concilium
353 2181 422 2222 anu.
439 2161 513 2224 305.
536 2161 666 2224 habitum
686 2161 798 2239 luisse,
826 2171 927 2224 contra
946 2161 1106 2224 Baronium
1133 2160 1298 2224 luculenter

75 2249 232 2309 admodum
255 2246 343 2311 evicit
366 2247 459 2314 Hear.
477 2248 612 2313 Valesius
636 2258 666 2312 in
684 2257 756 2312 uotis
776 2252 813 2310 od
834 2251 943 2312 Errsobii
960 2253 1027 2312 bist.
1044 2251 1107 2311 eccl.
1133 2271 1162 2328 p.
1179 2245 1252 2309 163.

165 2383 190 2469 ᾗ.
210 2379 241 2449 8.
266 2383 318 2450 Re
340 2385 542 2452 ulreduuiur
565 2388 724 2452 nimirum
749 2407 771 2450 e
788 2383 1054 2469 persecutoribus
1075 2383 1122 2448 ud
1137 2381 1297 2448 traditio-

77 2493 156 2538 nem
172 2493 284 2538 omnes
307 2406 377 2561 illi,
406 2471 633 2562 cujreecunque
654 2472 788 2560 [inerint
806 2469 990 2558 ordiatur)
1013 2469 1169 2550 comesfl)
1196 2477 1297 2559 eique

80 2558 263 2642 aetatis,¹⁸)
285 2561 343 2647 qui
359 2560 484 2626 codices
499 2582 616 2626 sueres
635 2558 783 2649 aliaque,
801 2557 1006 2645 reipublice
1025 2557 1229 2624 orreortrote
1246 2556 1297 2622 oel

77 2653 116 2712 ui
129 2648 259 2732 priuati
266 2645 308 2732 1⁹)
324 2645 503 2714 dedebent.
530 2647 675 2736 (lemque
689 2669 733 2712 ere
748 2646 799 2712 bis
812 2645 961 2712 omnibns
974 2653 1126 2731 prostent
1138 2643 1295 2730 exemplu

76 2755 205 2820 eorum,
224 2735 281 2886 qui
291 2731 399 2820 jussis
416 2755 540 2801 morem
556 2741 707 2820 peremtus
724 2733 917 2800 auditionis
932 2735 1151 2798 criminesece
1162 2731 1296 2816 pollere-

76 2829 180 2887 remt=
202 2843 223 2886 e
240 2823 264 2887 ii
281 2843 298 2885 e
318 2823 489 2888 contrario
506 2819 669 2908 licemini,
695 2822 754 2909 qui
770 2819 961 2886 mereseium
979 2818 1298 2904 tradider·urrt,ced

76 2909 144 2993 ipsi
158 2927 286 2998 qrroqoe
305 2907 474 2975 columine
490 2931 594 2974 sucro
613 2907 918 2985 combusserttnt.²⁰)

166 3032 222 3112 16)
246 3031 422 3095 Accedimus
441 3033 488 3094 hic
513 3031 638 3096 omnium
657 3031 751 3112 primo
770 3032 805 3091 ad
827 3029 956 3090 ordinem
975 3027 1226 3105 ecclesiasticum,
1247 3028 1295 3090 c'ui

75 3140 135 3180 non
156 3128 266 3182 tautum
288 3119 397 3200 primas
421 3120 451 3182 in
470 3119 559 3182 veteri
579 3119 708 3182 ccclesia
732 3128 829 3200 partes
853 3117 978 3180 tributas
998 3125 1126 3194 constat,
1153 3118 1204 3176 sed
1224 3137 1294 3195 prae

74 3207 143 3269 aliis
163 3207 249 3270 etiam
270 3207 408 3270 infestam
432 3207 527 3270 fuisse
550 3207 628 3271 hanc
652 3207 896 3288 persecutionem,
921 3228 958 3268 ex
979 3203 1016 3267 iis
1036 3203 1221 3266 manifestum
1240 3213 1293 3278 est,

76 3317 152 3376 qnae
170 3298 313 3377 saprade
332 3295 436 3358 edictis
454 3295 631 3358 Diocletiani
649 3295 879 3359 observavimus.
925 3294 1046 3356 litante
1064 3290 1161 3353 omnia
1177 3289 1294 3371 quidem

36 3415 39 3426 ¹
74 3386 110 3446 ad
131 3383 286 3465 episcopos
308 3386 502 3446 convertenda
522 3385 674 3446 oculorum
693 3393 736 3446 est
756 3382 845 3458 acies,
866 3391 963 3464 utpote
981 3379 1030 3462 qni
1049 3401 1118 3462 prae
1137 3378 1204 3440 tiliis
1222 3397 1294 3458 spe-

75 3471 146 3534 ctari
167 3481 336 3554 merentur,
364 3492 397 3533 eo
423 3475 501 3552 quod
527 3472 582 3552 ipsi
610 3472 694 3552 primi
721 3475 758 3534 ad
777 3469 959 3533 traditionem
980 3467 1120 3550 quaesiti,
1146 3463 1294 3546 principes

75 3581 191 3641 quoque
209 3569 378 3642 peccarunt.
425 3559 482 3620 Hic
500 3581 570 3622 vero
594 3559 779 3640 potissimum
798 3560 888 3640 probe
909 3558 1092 3620 observanda
1109 3563 1194 3630 sunt,
1219 3571 1294 3634 quae
1362 3587 1365 3598 ·

76 3650 111 3710 de
132 3647 168 3710 iis
189 3648 278 3709 relert
295 3648 391 3728 Optat.
407 3647 517 3711 Milev.
538 3650 584 3727 (de
602 3652 711 3710 seloiem.
730 3655 833 3710 Donet.
851 3646 879 3719 l,
900 3647 962 3723 13.)
982 3643 1102 3704 dicens:
1123 3646 1185 3721 Ipsi
1202 3647 1295 3720 apices

74 3746 100 3796 et
124 3743 264 3816 principes
287 3741 427 3812 omnium,
453 3739 540 3815 aliqui
558 3742 692 3815 episcopi,
715 3739 773 3796 illis
791 3735 974 3814 temporibus,
1000 3741 1028 3792 ut
1047 3733 1148 3792 duareno
1168 3738 1294 3790 ueterano

74 3830 157 3897 oitue,
176 3830 259 3886 istisce
275 3826 480 3886 incertaeluois
497 3845 592 3885 uterus
608 3825 783 3886 brevissimus
800 3830 1002 3901 comparerent,
1020 3823 1204 3879 instrumente
1220 3818 1294 3878 diui·

74 3933 126 3972 noe
144 3915 212 3990 lepis
228 3917 313 3993 impie
330 3913 513 3972 tradiderunt.
548 3919 592 3972 Ee
607 3913 703 3991 quibus
719 3921 800 3972 erunt
818 3916 945 3970 Donatus
962 3909 1181 3978 Moseulitunus,
1200 3911 1294 3966 Victor
1398 3967 1401 3972 ,

76 4001 312 4078 Rusiccadensis,
340 4005 468 4060 Donatus
487 4001 676 4070 t'ulumensis,
703 4009 727 4058 et
744 3998 881 4059 bomioidu
900 4001 1057 4074 Purpurius
1075 3999 1245 4056 Limotensis
1268 4002 1294 4052 et

77 4091 222 4148 Munatius
246 4096 301 4154 cet.
335 4087 382 4148 Ex
406 4087 461 4146 hoc
487 4085 578 4165 igitur
602 4085 667 4146 loco
687 4104 772 4164 quarn
791 4081 954 4144 certissime
972 4092 1101 4158 constat,
1125 4080 1217 4142 fnisse
1242 4077 1292 4140 illo

77 4183 203 4256 tempore
229 4195 287 4234 uon
307 4193 357 4234 eos
378 4182 503 4250 tanturn,
529 4193 601 4254 quos
618 4170 786 4232 nominatim
805 4179 939 4232 recenset
957 4170 1099 4249 Optatus,
1123 4171 1173 4230 sed
1193 4163 1293 4248 plures
1315 4175 1318 4184 ’

76 4283 192 4344 quoquc
210 4261 284 4322 alios
302 4260 468 4342 episcopos,
489 4260 539 4342 qni
557 4259 730 4322 Traditores
746 4257 839 4320 fuere.
886 4255 1064 4320 Confirmant
1081 4258 1135 4318 hoe
1152 4255 1248 4336 ipsunt
1266 4262 1293 4312 et

76 4348 263 4429 Augustinus
288 4347 424 4430 plurimis
447 4347 477 4408 in
496 4346 570 4408 locis
595 4343 722 4426 aliique,
747 4356 775 4407 et
797 4344 932 4425 inprimis
952 4347 1037 4408 etiam
1055 4354 1120 4407 aeta
1137 4350 1292 4420 martyrum

75 4438 174 4518 varia,
201 4456 277 4519 quae
300 4437 552 4518 hac'tcmpestate
570 4434 752 4518 potissimum
774 4433 930 4518 episcopos
954 4428 1229 4520 aspersecntoribus
1254 4428 1294 4490 ad-
