<?xml version="1.0" encoding="UTF-8"?>
<!DOCTYPE html PUBLIC "-//W3C//DTD XHTML 1.0 Transitional//EN"
    "http://www.w3.org/TR/xhtml1/DTD/xhtml1-transitional.dtd">
<html xmlns="http://www.w3.org/1999/xhtml" xml:lang="en" lang="en">
 <head>
  <title>
</title>
<meta http-equiv="Content-Type" content="text/html;charset=utf-8" />
  <meta name='ocr-system' content='tesseract 3.04.00' />
  <meta name='ocr-capabilities' content='ocr_page ocr_carea ocr_par ocr_line ocrx_word'/>
</head>
<body>
  <div class='ocr_page' id='page_1' title='image "./thesauruscommen00volbgoog_0092.png"; bbox 0 0 2944 4898; ppageno 0'>
   <div class='ocr_carea' id='block_1_1' title="bbox 365 277 1284 366">
    <p class='ocr_par' dir='ltr' id='par_1_1' title="bbox 365 277 1284 366">
     <span class='ocr_line' id='line_1_1' title="bbox 365 277 1284 366; baseline 0.018 -26"><span class='ocrx_word' id='word_1_1' title='bbox 365 279 401 341; x_wconf 90' lang='lat' dir='ltr'><strong>de</strong></span> <span class='ocrx_word' id='word_1_2' title='bbox 417 277 526 365; x_wconf 79' lang='lat' dir='ltr'><strong>ritibus</strong></span> <span class='ocrx_word' id='word_1_3' title='bbox 542 278 766 366; x_wconf 69' lang='lat' dir='ltr'><strong>baptismalium</strong></span> <span class='ocrx_word' id='word_1_4' title='bbox 782 291 843 350; x_wconf 80' lang='lat' dir='ltr'><strong>see.</strong></span> <span class='ocrx_word' id='word_1_5' title='bbox 860 285 994 351; x_wconf 83' lang='lat' dir='ltr'><strong>secundi.</strong></span> <span class='ocrx_word' id='word_1_6' title='bbox 1239 287 1284 357; x_wconf 81' lang='lat'><strong>85</strong></span> 
     </span>
    </p>
   </div>
   <div class='ocr_carea' id='block_1_2' title="bbox 27 453 1288 634">
    <p class='ocr_par' dir='ltr' id='par_1_2' title="bbox 27 453 1288 634">
     <span class='ocr_line' id='line_1_2' title="bbox 27 453 1288 550; baseline 0.009 -32"><span class='ocrx_word' id='word_1_7' title='bbox 27 469 32 476; x_wconf 91' lang='lat'>&#39;</span> <span class='ocrx_word' id='word_1_8' title='bbox 55 455 154 537; x_wconf 67' lang='lat' dir='ltr'><strong>dulos</strong></span> <span class='ocrx_word' id='word_1_9' title='bbox 174 453 303 518; x_wconf 74' lang='lat' dir='ltr'><strong>ecelesia</strong></span> <span class='ocrx_word' id='word_1_10' title='bbox 323 457 500 537; x_wconf 56' lang='lat' dir='ltr'><strong>baptismali,</strong></span> <span class='ocrx_word' id='word_1_11' title='bbox 514 458 594 520; x_wconf 88' lang='lat' dir='ltr'><strong>actui</strong></span> <span class='ocrx_word' id='word_1_12' title='bbox 612 457 729 540; x_wconf 91' lang='lat' dir='ltr'><strong>quidem</strong></span> <span class='ocrx_word' id='word_1_13' title='bbox 746 459 870 542; x_wconf 79' lang='lat' dir='ltr'><strong>adjungi</strong></span> <span class='ocrx_word' id='word_1_14' title='bbox 895 461 1019 543; x_wconf 86' lang='lat' dir='ltr'><strong>eiusque</strong></span> <span class='ocrx_word' id='word_1_15' title='bbox 1041 462 1222 528; x_wconf 71' lang='lat' dir='ltr'><strong>solemnibus</strong></span> <span class='ocrx_word' id='word_1_16' title='bbox 1245 469 1288 550; x_wconf 87' lang='lat' dir='ltr'><strong>(at</strong></span> 
     </span>
     <span class='ocr_line' id='line_1_3' title="bbox 55 544 1286 634; baseline 0.011 -30"><span class='ocrx_word' id='word_1_17' title='bbox 55 558 120 604; x_wconf 81' lang='lat' dir='ltr'><strong>nom</strong></span> <span class='ocrx_word' id='word_1_18' title='bbox 138 552 178 606; x_wconf 84' lang='lat' dir='ltr'><strong>&#39;elt</strong></span> <span class='ocrx_word' id='word_1_19' title='bbox 191 552 299 622; x_wconf 85' lang='lat' dir='ltr'><strong>mente,</strong></span> <span class='ocrx_word' id='word_1_20' title='bbox 317 563 353 606; x_wconf 87' lang='lat' dir='ltr'><strong>ao</strong></span> <span class='ocrx_word' id='word_1_21' title='bbox 371 545 397 606; x_wconf 89' lang='lat' dir='ltr'><strong>si</strong></span> <span class='ocrx_word' id='word_1_22' title='bbox 413 544 459 623; x_wconf 88' lang='lat' dir='ltr'><strong>iis,</strong></span> <span class='ocrx_word' id='word_1_23' title='bbox 479 567 554 628; x_wconf 89' lang='lat' dir='ltr'><strong>qnos</strong></span> <span class='ocrx_word' id='word_1_24' title='bbox 572 545 598 630; x_wconf 83' lang='lat'><strong>§.</strong></span> <span class='ocrx_word' id='word_1_25' title='bbox 615 547 646 609; x_wconf 84' lang='lat'><strong>3.</strong></span> <span class='ocrx_word' id='word_1_26' title='bbox 664 551 962 624; x_wconf 79' lang='lat' dir='ltr'><strong>commemoravimus,</strong></span> <span class='ocrx_word' id='word_1_27' title='bbox 981 549 1188 613; x_wconf 73' lang='lat' dir='ltr'><strong>essentialibus</strong></span> <span class='ocrx_word' id='word_1_28' title='bbox 1205 551 1286 634; x_wconf 80' lang='lat' dir='ltr'><strong>legl-</strong></span> 
     </span>
    </p>
   </div>
   <div class='ocr_carea' id='block_1_3' title="bbox 55 627 1393 718">
    <p class='ocr_par' dir='ltr' id='par_1_3' title="bbox 55 627 1393 718">
     <span class='ocr_line' id='line_1_4' title="bbox 55 627 1393 718; baseline 0.006 -26"><span class='ocrx_word' id='word_1_29' title='bbox 55 627 122 693; x_wconf 91' lang='lat' dir='ltr'><strong>timi</strong></span> <span class='ocrx_word' id='word_1_30' title='bbox 139 631 281 713; x_wconf 78' lang='lat' dir='ltr'><strong>baptismi</strong></span> <span class='ocrx_word' id='word_1_31' title='bbox 299 633 450 714; x_wconf 72' lang='lat' dir='ltr'><strong>requisitis</strong></span> <span class='ocrx_word' id='word_1_32' title='bbox 473 635 684 717; x_wconf 79' lang='lat' dir='ltr'><strong>aequiparandi</strong></span> <span class='ocrx_word' id='word_1_33' title='bbox 709 638 869 718; x_wconf 85' lang='lat' dir='ltr'><strong>eodemque</strong></span> <span class='ocrx_word' id='word_1_34' title='bbox 886 657 922 698; x_wconf 90' lang='lat' dir='ltr'><strong>ac</strong></span> <span class='ocrx_word' id='word_1_35' title='bbox 946 635 992 698; x_wconf 89' lang='lat' dir='ltr'><strong>illi</strong></span> <span class='ocrx_word' id='word_1_36' title='bbox 1009 637 1074 700; x_wconf 88' lang='lat' dir='ltr'><strong>loco</strong></span> <span class='ocrx_word' id='word_1_37' title='bbox 1091 639 1219 702; x_wconf 87' lang='lat' dir='ltr'><strong>habendi</strong></span> <span class='ocrx_word' id='word_1_38' title='bbox 1235 660 1285 705; x_wconf 88' lang='lat' dir='ltr'><strong>cs·</strong></span> <span class='ocrx_word' id='word_1_39' title='bbox 1388 687 1393 700; x_wconf 91' lang='lat'><strong>.</strong></span> 
     </span>
    </p>
   </div>
   <div class='ocr_carea' id='block_1_4' title="bbox 2 721 1383 2387">
    <p class='ocr_par' dir='ltr' id='par_1_4' title="bbox 2 721 1383 2387">
     <span class='ocr_line' id='line_1_5' title="bbox 56 721 1285 808; baseline 0.009 -27"><span class='ocrx_word' id='word_1_40' title='bbox 56 721 141 798; x_wconf 88' lang='lat' dir='ltr'><strong>sent)</strong></span> <span class='ocrx_word' id='word_1_41' title='bbox 169 721 323 782; x_wconf 73' lang='lat' dir='ltr'><strong>accerseri</strong></span> <span class='ocrx_word' id='word_1_42' title='bbox 348 721 498 800; x_wconf 84' lang='lat' dir='ltr'><strong>solebant,</strong></span> <span class='ocrx_word' id='word_1_43' title='bbox 524 743 675 785; x_wconf 89' lang='lat' dir='ltr'><strong>numerum</strong></span> <span class='ocrx_word' id='word_1_44' title='bbox 699 723 803 784; x_wconf 88' lang='lat' dir='ltr'><strong>relcrri</strong></span> <span class='ocrx_word' id='word_1_45' title='bbox 821 745 909 804; x_wconf 84' lang='lat' dir='ltr'><strong>posse</strong></span> <span class='ocrx_word' id='word_1_46' title='bbox 926 725 1080 788; x_wconf 89' lang='lat' dir='ltr'><strong>statuimus</strong></span> <span class='ocrx_word' id='word_1_47' title='bbox 1101 728 1285 808; x_wconf 85' lang='lat' dir='ltr'><strong>baptismatis</strong></span> 
     </span>
     <span class='ocr_line' id='line_1_6' title="bbox 57 807 1286 894; baseline 0.009 -26"><span class='ocrx_word' id='word_1_48' title='bbox 57 807 142 869; x_wconf 86' lang='lat' dir='ltr'><strong>actui</strong></span> <span class='ocrx_word' id='word_1_49' title='bbox 159 808 306 890; x_wconf 73' lang='lat' dir='ltr'><strong>praemitti</strong></span> <span class='ocrx_word' id='word_1_50' title='bbox 324 807 439 870; x_wconf 87' lang='lat' dir='ltr'><strong>solitam</strong></span> <span class='ocrx_word' id='word_1_51' title='bbox 455 818 685 874; x_wconf 84' lang='lat' dir='ltr'><strong>consecrationem</strong></span> <span class='ocrx_word' id='word_1_52' title='bbox 701 831 848 891; x_wconf 82' lang='lat' dir='ltr'><strong>aquaram,</strong></span> <span class='ocrx_word' id='word_1_53' title='bbox 866 831 942 894; x_wconf 89' lang='lat' dir='ltr'><strong>qnae</strong></span> <span class='ocrx_word' id='word_1_54' title='bbox 959 815 990 874; x_wconf 91' lang='lat' dir='ltr'><strong>iu</strong></span> <span class='ocrx_word' id='word_1_55' title='bbox 1008 815 1180 894; x_wconf 77' lang='lat' dir='ltr'><strong>mysteriosa</strong></span> <span class='ocrx_word' id='word_1_56' title='bbox 1196 817 1286 879; x_wconf 87' lang='lat' dir='ltr'><strong>ablu-</strong></span> 
     </span>
     <span class='ocr_line' id='line_1_7' title="bbox 57 895 1286 982; baseline 0.008 -26"><span class='ocrx_word' id='word_1_57' title='bbox 57 896 143 958; x_wconf 89' lang='lat' dir='ltr'><strong>tione</strong></span> <span class='ocrx_word' id='word_1_58' title='bbox 162 895 348 958; x_wconf 76' lang='lat' dir='ltr'><strong>adlridendee</strong></span> <span class='ocrx_word' id='word_1_59' title='bbox 364 917 508 978; x_wconf 80' lang='lat' dir='ltr'><strong>sacraque</strong></span> <span class='ocrx_word' id='word_1_60' title='bbox 525 899 594 960; x_wconf 89' lang='lat' dir='ltr'><strong>nsni</strong></span> <span class='ocrx_word' id='word_1_61' title='bbox 613 899 773 960; x_wconf 84' lang='lat' dir='ltr'><strong>destinatae</strong></span> <span class='ocrx_word' id='word_1_62' title='bbox 792 910 883 964; x_wconf 87' lang='lat' dir='ltr'><strong>erant.</strong></span> <span class='ocrx_word' id='word_1_63' title='bbox 922 899 1006 962; x_wconf 91' lang='lat' dir='ltr'><strong>lllam</strong></span> <span class='ocrx_word' id='word_1_64' title='bbox 1031 921 1084 982; x_wconf 88' lang='lat' dir='ltr'><strong>per</strong></span> <span class='ocrx_word' id='word_1_65' title='bbox 1105 923 1199 982; x_wconf 85' lang='lat' dir='ltr'><strong>preces</strong></span> <span class='ocrx_word' id='word_1_66' title='bbox 1222 903 1286 967; x_wconf 88' lang='lat' dir='ltr'><strong>fieri</strong></span> 
     </span>
     <span class='ocr_line' id='line_1_8' title="bbox 58 983 1286 1070; baseline 0.007 -25"><span class='ocrx_word' id='word_1_67' title='bbox 58 984 276 1060; x_wconf 76' lang='lat' dir='ltr'><strong>consuevisse,</strong></span> <span class='ocrx_word' id='word_1_68' title='bbox 303 985 457 1048; x_wconf 86' lang='lat' dir='ltr'><strong>memoriae</strong></span> <span class='ocrx_word' id='word_1_69' title='bbox 482 986 608 1068; x_wconf 84' lang='lat' dir='ltr'><strong>prodidit</strong></span> <span class='ocrx_word' id='word_1_70' title='bbox 623 983 830 1048; x_wconf 71' lang='lat' dir='ltr'><strong>Tertullianus</strong></span> <span class='ocrx_word' id='word_1_71' title='bbox 841 987 869 1068; x_wconf 86' lang='lat'><strong>*)</strong></span> <span class='ocrx_word' id='word_1_72' title='bbox 894 1007 1073 1070; x_wconf 78' lang='lat' dir='ltr'><strong>precumque</strong></span> <span class='ocrx_word' id='word_1_73' title='bbox 1101 1009 1201 1051; x_wconf 89' lang='lat' dir='ltr'><strong>earum</strong></span> <span class='ocrx_word' id='word_1_74' title='bbox 1221 989 1286 1053; x_wconf 85' lang='lat' dir='ltr'><strong>ior-</strong></span> 
     </span>
     <span class='ocr_line' id='line_1_9' title="bbox 60 1071 1286 1164; baseline 0.006 -30"><span class='ocrx_word' id='word_1_75' title='bbox 60 1081 145 1134; x_wconf 88' lang='lat' dir='ltr'><strong>mnm</strong></span> <span class='ocrx_word' id='word_1_76' title='bbox 163 1071 294 1148; x_wconf 76' lang='lat' dir='ltr'><strong>exhibet,</strong></span> <span class='ocrx_word' id='word_1_77' title='bbox 322 1071 450 1134; x_wconf 83' lang='lat' dir='ltr'><strong>silidam</strong></span> <span class='ocrx_word' id='word_1_78' title='bbox 467 1083 611 1151; x_wconf 88' lang='lat' dir='ltr'><strong>meretur,</strong></span> <span class='ocrx_word' id='word_1_79' title='bbox 636 1081 860 1136; x_wconf 81' lang='lat' dir='ltr'><strong>ooaetitatloaont</strong></span> <span class='ocrx_word' id='word_1_80' title='bbox 879 1079 1096 1156; x_wconf 77' lang='lat' dir='ltr'><strong>apostolicorum</strong></span> <span class='ocrx_word' id='word_1_81' title='bbox 1112 1077 1286 1164; x_wconf 81' lang='lat' dir='ltr'><strong>auctor**).</strong></span> 
     </span>
     <span class='ocr_line' id='line_1_10' title="bbox 61 1160 1285 1245; baseline 0.004 -21"><span class='ocrx_word' id='word_1_82' title='bbox 61 1161 175 1224; x_wconf 80' lang='lat' dir='ltr'><strong>Verum</strong></span> <span class='ocrx_word' id='word_1_83' title='bbox 190 1161 342 1222; x_wconf 88' lang='lat' dir='ltr'><strong>addendus</strong></span> <span class='ocrx_word' id='word_1_84' title='bbox 359 1160 455 1240; x_wconf 89' lang='lat' dir='ltr'><strong>ctiam,</strong></span> <span class='ocrx_word' id='word_1_85' title='bbox 473 1163 613 1243; x_wconf 85' lang='lat' dir='ltr'><strong>potiorem</strong></span> <span class='ocrx_word' id='word_1_86' title='bbox 631 1183 689 1243; x_wconf 90' lang='lat' dir='ltr'><strong>qna</strong></span> <span class='ocrx_word' id='word_1_87' title='bbox 705 1171 824 1243; x_wconf 91' lang='lat' dir='ltr'><strong>partem,</strong></span> <span class='ocrx_word' id='word_1_88' title='bbox 843 1172 871 1224; x_wconf 90' lang='lat' dir='ltr'><strong>et</strong></span> <span class='ocrx_word' id='word_1_89' title='bbox 881 1164 948 1245; x_wconf 83' lang='lat' dir='ltr'><strong>jore</strong></span> <span class='ocrx_word' id='word_1_90' title='bbox 965 1163 1081 1245; x_wconf 91' lang='lat' dir='ltr'><strong>quidem</strong></span> <span class='ocrx_word' id='word_1_91' title='bbox 1100 1185 1154 1228; x_wconf 91' lang='lat' dir='ltr'><strong>suo</strong></span> <span class='ocrx_word' id='word_1_92' title='bbox 1170 1165 1285 1228; x_wconf 86' lang='lat' dir='ltr'><strong>ridetur</strong></span> 
     </span>
     <span class='ocr_line' id='line_1_11' title="bbox 58 1247 1285 1331; baseline 0.007 -23"><span class='ocrx_word' id='word_1_93' title='bbox 58 1247 182 1310; x_wconf 85' lang='lat' dir='ltr'><strong>illarum</strong></span> <span class='ocrx_word' id='word_1_94' title='bbox 200 1247 422 1310; x_wconf 83' lang='lat' dir='ltr'><strong>cerimoniarum</strong></span> <span class='ocrx_word' id='word_1_95' title='bbox 441 1251 625 1331; x_wconf 87' lang='lat' dir='ltr'><strong>complexus,</strong></span> <span class='ocrx_word' id='word_1_96' title='bbox 649 1269 734 1331; x_wconf 89' lang='lat' dir='ltr'><strong>qoem</strong></span> <span class='ocrx_word' id='word_1_97' title='bbox 752 1253 807 1312; x_wconf 87' lang='lat' dir='ltr'><strong>sub</strong></span> <span class='ocrx_word' id='word_1_98' title='bbox 822 1250 976 1330; x_wconf 91' lang='lat' dir='ltr'><strong>splendido</strong></span> <span class='ocrx_word' id='word_1_99' title='bbox 994 1251 1213 1329; x_wconf 69' lang='lat' dir='ltr'><strong>confirmationis</strong></span> <span class='ocrx_word' id='word_1_100' title='bbox 1227 1275 1285 1316; x_wconf 90' lang='lat' dir='ltr'><strong>no·</strong></span> 
     </span>
     <span class='ocr_line' id='line_1_12' title="bbox 59 1335 1284 1420; baseline 0.004 -22"><span class='ocrx_word' id='word_1_101' title='bbox 59 1335 143 1398; x_wconf 85' lang='lat' dir='ltr'><strong>oriae</strong></span> <span class='ocrx_word' id='word_1_102' title='bbox 160 1345 242 1398; x_wconf 87' lang='lat' dir='ltr'><strong>aetas</strong></span> <span class='ocrx_word' id='word_1_103' title='bbox 262 1336 398 1398; x_wconf 88' lang='lat' dir='ltr'><strong>insecuta</strong></span> <span class='ocrx_word' id='word_1_104' title='bbox 413 1337 581 1401; x_wconf 83' lang='lat' dir='ltr'><strong>celebrarit.</strong></span> <span class='ocrx_word' id='word_1_105' title='bbox 604 1337 805 1419; x_wconf 84' lang='lat' dir='ltr'><strong>Dispiciamus</strong></span> <span class='ocrx_word' id='word_1_106' title='bbox 823 1355 895 1418; x_wconf 76' lang='lat' dir='ltr'><strong>ergo</strong></span> <span class='ocrx_word' id='word_1_107' title='bbox 913 1339 1016 1420; x_wconf 82' lang='lat' dir='ltr'><strong>paucis</strong></span> <span class='ocrx_word' id='word_1_108' title='bbox 1033 1342 1069 1400; x_wconf 92' lang='lat' dir='ltr'><strong>de</strong></span> <span class='ocrx_word' id='word_1_109' title='bbox 1086 1339 1284 1403; x_wconf 88' lang='lat' dir='ltr'><strong>confirmatio-</strong></span> 
     </span>
     <span class='ocr_line' id='line_1_13' title="bbox 57 1423 1285 1510; baseline 0.006 -25"><span class='ocrx_word' id='word_1_110' title='bbox 57 1424 108 1486; x_wconf 89' lang='lat' dir='ltr'><strong>nis</strong></span> <span class='ocrx_word' id='word_1_111' title='bbox 127 1423 222 1506; x_wconf 74' lang='lat' dir='ltr'><strong>nutas</strong></span> <span class='ocrx_word' id='word_1_112' title='bbox 246 1427 341 1500; x_wconf 71' lang='lat' dir='ltr'><strong>sonno</strong></span> <span class='ocrx_word' id='word_1_113' title='bbox 357 1443 382 1488; x_wconf 91' lang='lat' dir='ltr'><strong>s.</strong></span> <span class='ocrx_word' id='word_1_114' title='bbox 399 1428 483 1486; x_wconf 91' lang='lat' dir='ltr'><strong>modo</strong></span> <span class='ocrx_word' id='word_1_115' title='bbox 508 1445 571 1488; x_wconf 89' lang='lat' dir='ltr'><strong>eam</strong></span> <span class='ocrx_word' id='word_1_116' title='bbox 589 1425 768 1506; x_wconf 78' lang='lat' dir='ltr'><strong>peragendi3</strong></span> <span class='ocrx_word' id='word_1_117' title='bbox 793 1427 828 1486; x_wconf 92' lang='lat' dir='ltr'><strong>de</strong></span> <span class='ocrx_word' id='word_1_118' title='bbox 854 1427 984 1508; x_wconf 85' lang='lat' dir='ltr'><strong>ejusdcm</strong></span> <span class='ocrx_word' id='word_1_119' title='bbox 1008 1429 1109 1506; x_wconf 77' lang='lat' dir='ltr'><strong>objecto</strong></span> <span class='ocrx_word' id='word_1_120' title='bbox 1132 1431 1285 1510; x_wconf 83' lang='lat' dir='ltr'><strong>personali,</strong></span> 
     </span>
     <span class='ocr_line' id='line_1_14' title="bbox 58 1509 1284 1595; baseline 0.002 -21"><span class='ocrx_word' id='word_1_121' title='bbox 58 1523 89 1574; x_wconf 87' lang='lat' dir='ltr'><strong>et</strong></span> <span class='ocrx_word' id='word_1_122' title='bbox 108 1514 146 1573; x_wconf 87' lang='lat' dir='ltr'><strong>de</strong></span> <span class='ocrx_word' id='word_1_123' title='bbox 163 1521 290 1593; x_wconf 73' lang='lat' dir='ltr'><strong>uapore,</strong></span> <span class='ocrx_word' id='word_1_124' title='bbox 308 1530 367 1592; x_wconf 90' lang='lat' dir='ltr'><strong>qno</strong></span> <span class='ocrx_word' id='word_1_125' title='bbox 384 1514 450 1595; x_wconf 87' lang='lat' dir='ltr'><strong>ejas</strong></span> <span class='ocrx_word' id='word_1_126' title='bbox 467 1513 602 1576; x_wconf 86' lang='lat' dir='ltr'><strong>instituta</strong></span> <span class='ocrx_word' id='word_1_127' title='bbox 618 1513 674 1574; x_wconf 88' lang='lat' dir='ltr'><strong>luit</strong></span> <span class='ocrx_word' id='word_1_128' title='bbox 690 1509 860 1575; x_wconf 80' lang='lat' dir='ltr'><strong>celebratio.</strong></span> <span class='ocrx_word' id='word_1_129' title='bbox 898 1515 984 1590; x_wconf 78' lang='lat' dir='ltr'><strong>Quod</strong></span> <span class='ocrx_word' id='word_1_130' title='bbox 1004 1535 1074 1593; x_wconf 82' lang='lat' dir='ltr'><strong>ergo</strong></span> <span class='ocrx_word' id='word_1_131' title='bbox 1090 1515 1214 1593; x_wconf 83' lang='lat' dir='ltr'><strong>primum</strong></span> <span class='ocrx_word' id='word_1_132' title='bbox 1233 1535 1284 1578; x_wconf 91' lang='lat' dir='ltr'><strong>ce-</strong></span> 
     </span>
     <span class='ocr_line' id='line_1_15' title="bbox 57 1599 1285 1684; baseline 0.004 -24"><span class='ocrx_word' id='word_1_133' title='bbox 57 1600 208 1662; x_wconf 84' lang='lat' dir='ltr'><strong>rimonias</strong></span> <span class='ocrx_word' id='word_1_134' title='bbox 225 1603 261 1661; x_wconf 87' lang='lat' dir='ltr'><strong>ad</strong></span> <span class='ocrx_word' id='word_1_135' title='bbox 286 1599 512 1670; x_wconf 82' lang='lat' dir='ltr'><strong>confirmationis</strong></span> <span class='ocrx_word' id='word_1_136' title='bbox 535 1604 658 1679; x_wconf 69' lang='lat' dir='ltr'><strong>formam</strong></span> <span class='ocrx_word' id='word_1_137' title='bbox 682 1609 849 1681; x_wconf 80' lang='lat' dir='ltr'><strong>spectantes</strong></span> <span class='ocrx_word' id='word_1_138' title='bbox 875 1601 992 1678; x_wconf 85' lang='lat' dir='ltr'><strong>attinet,</strong></span> <span class='ocrx_word' id='word_1_139' title='bbox 1019 1611 1143 1682; x_wconf 88' lang='lat' dir='ltr'><strong>quatuor</strong></span> <span class='ocrx_word' id='word_1_140' title='bbox 1161 1602 1285 1684; x_wconf 89' lang='lat' dir='ltr'><strong>potissi-</strong></span> 
     </span>
     <span class='ocr_line' id='line_1_16' title="bbox 57 1685 1285 1769; baseline 0.003 -19"><span class='ocrx_word' id='word_1_141' title='bbox 57 1707 143 1750; x_wconf 90' lang='lat' dir='ltr'><strong>mum</strong></span> <span class='ocrx_word' id='word_1_142' title='bbox 161 1687 193 1748; x_wconf 89' lang='lat' dir='ltr'><strong>in</strong></span> <span class='ocrx_word' id='word_1_143' title='bbox 208 1685 290 1749; x_wconf 88' lang='lat' dir='ltr'><strong>illins</strong></span> <span class='ocrx_word' id='word_1_144' title='bbox 307 1685 558 1752; x_wconf 85' lang='lat' dir='ltr'><strong>administratione</strong></span> <span class='ocrx_word' id='word_1_145' title='bbox 575 1689 745 1750; x_wconf 81' lang='lat' dir='ltr'><strong>observatos</strong></span> <span class='ocrx_word' id='word_1_146' title='bbox 764 1707 831 1750; x_wconf 87' lang='lat' dir='ltr'><strong>esse</strong></span> <span class='ocrx_word' id='word_1_147' title='bbox 848 1687 937 1761; x_wconf 87' lang='lat' dir='ltr'><strong>ritus,</strong></span> <span class='ocrx_word' id='word_1_148' title='bbox 961 1687 991 1748; x_wconf 91' lang='lat' dir='ltr'><strong>in</strong></span> <span class='ocrx_word' id='word_1_149' title='bbox 1008 1688 1055 1768; x_wconf 89' lang='lat' dir='ltr'><strong>iis,</strong></span> <span class='ocrx_word' id='word_1_150' title='bbox 1082 1709 1157 1769; x_wconf 90' lang='lat' dir='ltr'><strong>quae</strong></span> <span class='ocrx_word' id='word_1_151' title='bbox 1175 1693 1211 1752; x_wconf 92' lang='lat' dir='ltr'><strong>ad</strong></span> <span class='ocrx_word' id='word_1_152' title='bbox 1227 1689 1285 1754; x_wconf 89' lang='lat' dir='ltr'><strong>hoo</strong></span> 
     </span>
     <span class='ocr_line' id='line_1_17' title="bbox 59 1769 1284 1856; baseline 0.002 -18"><span class='ocrx_word' id='word_1_153' title='bbox 59 1789 171 1838; x_wconf 80' lang='lat' dir='ltr'><strong>aevom</strong></span> <span class='ocrx_word' id='word_1_154' title='bbox 188 1775 290 1838; x_wconf 76' lang='lat' dir='ltr'><strong>referri</strong></span> <span class='ocrx_word' id='word_1_155' title='bbox 309 1785 465 1854; x_wconf 87' lang='lat' dir='ltr'><strong>merentur,</strong></span> <span class='ocrx_word' id='word_1_156' title='bbox 491 1775 686 1838; x_wconf 89' lang='lat' dir='ltr'><strong>monumentis</strong></span> <span class='ocrx_word' id='word_1_157' title='bbox 702 1769 876 1856; x_wconf 80' lang='lat' dir='ltr'><strong>reperimus.</strong></span> <span class='ocrx_word' id='word_1_158' title='bbox 910 1774 1068 1836; x_wconf 82' lang='lat' dir='ltr'><strong>Familiam</strong></span> <span class='ocrx_word' id='word_1_159' title='bbox 1085 1779 1212 1840; x_wconf 87' lang='lat' dir='ltr'><strong>docebat</strong></span> <span class='ocrx_word' id='word_1_160' title='bbox 1228 1801 1284 1840; x_wconf 88' lang='lat' dir='ltr'><strong>aa·</strong></span> 
     </span>
     <span class='ocr_line' id='line_1_18' title="bbox 60 1855 1383 1952; baseline 0.002 -26"><span class='ocrx_word' id='word_1_161' title='bbox 60 1871 128 1940; x_wconf 83' lang='lat' dir='ltr'><strong>etio,</strong></span> <span class='ocrx_word' id='word_1_162' title='bbox 153 1863 261 1945; x_wconf 85' lang='lat' dir='ltr'><strong>quippe</strong></span> <span class='ocrx_word' id='word_1_163' title='bbox 278 1873 353 1944; x_wconf 80' lang='lat' dir='ltr'><strong>quae</strong></span> <span class='ocrx_word' id='word_1_164' title='bbox 368 1865 535 1946; x_wconf 86' lang='lat' dir='ltr'><strong>baptizatis,</strong></span> <span class='ocrx_word' id='word_1_165' title='bbox 561 1861 736 1944; x_wconf 85' lang='lat' dir='ltr'><strong>simulatque</strong></span> <span class='ocrx_word' id='word_1_166' title='bbox 754 1883 790 1925; x_wconf 89' lang='lat' dir='ltr'><strong>ex</strong></span> <span class='ocrx_word' id='word_1_167' title='bbox 808 1881 885 1943; x_wconf 89' lang='lat' dir='ltr'><strong>aqna</strong></span> <span class='ocrx_word' id='word_1_168' title='bbox 901 1863 1114 1940; x_wconf 88' lang='lat' dir='ltr'><strong>ascendissent,</strong></span> <span class='ocrx_word' id='word_1_169' title='bbox 1139 1855 1286 1946; x_wconf 87' lang='lat' dir='ltr'><strong>impertita</strong></span> <span class='ocrx_word' id='word_1_170' title='bbox 1378 1941 1383 1952; x_wconf 32' lang='lat'>¹</span> 
     </span>
     <span class='ocr_line' id='line_1_19' title="bbox 62 1948 1284 2032; baseline 0.003 -20"><span class='ocrx_word' id='word_1_171' title='bbox 62 1959 156 2032; x_wconf 81' lang='lat' dir='ltr'><strong>atque</strong></span> <span class='ocrx_word' id='word_1_172' title='bbox 173 1954 246 2014; x_wconf 78' lang='lat' dir='ltr'><strong>adeo</strong></span> <span class='ocrx_word' id='word_1_173' title='bbox 263 1948 431 2030; x_wconf 69' lang='lat' dir='ltr'><strong>religiosam</strong></span> <span class='ocrx_word' id='word_1_174' title='bbox 448 1953 626 2015; x_wconf 84' lang='lat' dir='ltr'><strong>ablutionem</strong></span> <span class='ocrx_word' id='word_1_175' title='bbox 642 1951 807 2013; x_wconf 88' lang='lat' dir='ltr'><strong>immediate</strong></span> <span class='ocrx_word' id='word_1_176' title='bbox 820 1950 955 2014; x_wconf 87' lang='lat' dir='ltr'><strong>insecuta</strong></span> <span class='ocrx_word' id='word_1_177' title='bbox 971 1959 1025 2013; x_wconf 90' lang='lat' dir='ltr'><strong>est.</strong></span> <span class='ocrx_word' id='word_1_178' title='bbox 1048 1952 1185 2032; x_wconf 86' lang='lat' dir='ltr'><strong>Inprimis</strong></span> <span class='ocrx_word' id='word_1_179' title='bbox 1201 1951 1284 2016; x_wconf 85' lang='lat' dir='ltr'><strong>illius</strong></span> 
     </span>
     <span class='ocr_line' id='line_1_20' title="bbox 61 2036 1285 2122; baseline 0.002 -21"><span class='ocrx_word' id='word_1_180' title='bbox 61 2039 197 2101; x_wconf 81' lang='lat' dir='ltr'><strong>meminit</strong></span> <span class='ocrx_word' id='word_1_181' title='bbox 214 2036 419 2104; x_wconf 78' lang='lat' dir='ltr'><strong>&#39;l&#39;ertnllianns</strong></span> <span class='ocrx_word' id='word_1_182' title='bbox 436 2040 561 2104; x_wconf 87' lang='lat' dir='ltr'><strong>dirersis</strong></span> <span class='ocrx_word' id='word_1_183' title='bbox 584 2039 615 2100; x_wconf 92' lang='lat' dir='ltr'><strong>in</strong></span> <span class='ocrx_word' id='word_1_184' title='bbox 640 2036 808 2122; x_wconf 76' lang='lat' dir='ltr'><strong>locis”*)3</strong></span> <span class='ocrx_word' id='word_1_185' title='bbox 832 2040 868 2100; x_wconf 88' lang='lat' dir='ltr'><strong>de</strong></span> <span class='ocrx_word' id='word_1_186' title='bbox 891 2040 956 2120; x_wconf 83' lang='lat' dir='ltr'><strong>ejus</strong></span> <span class='ocrx_word' id='word_1_187' title='bbox 974 2059 1042 2102; x_wconf 86' lang='lat' dir='ltr'><strong>vero</strong></span> <span class='ocrx_word' id='word_1_188' title='bbox 1070 2039 1185 2119; x_wconf 84' lang='lat' dir='ltr'><strong>origine</strong></span> <span class='ocrx_word' id='word_1_189' title='bbox 1202 2041 1285 2104; x_wconf 84' lang='lat' dir='ltr'><strong>varia</strong></span> 
     </span>
     <span class='ocr_line' id='line_1_21' title="bbox 60 2126 1285 2210; baseline 0 -19"><span class='ocrx_word' id='word_1_190' title='bbox 60 2135 197 2191; x_wconf 78' lang='lat' dir='ltr'><strong>veterani</strong></span> <span class='ocrx_word' id='word_1_191' title='bbox 213 2127 323 2208; x_wconf 84' lang='lat' dir='ltr'><strong>pariter</strong></span> <span class='ocrx_word' id='word_1_192' title='bbox 341 2139 427 2210; x_wconf 89' lang='lat' dir='ltr'><strong>atque</strong></span> <span class='ocrx_word' id='word_1_193' title='bbox 449 2129 643 2191; x_wconf 87' lang='lat' dir='ltr'><strong>recentiorum</strong></span> <span class='ocrx_word' id='word_1_194' title='bbox 669 2126 842 2207; x_wconf 85' lang='lat' dir='ltr'><strong>scriptorum</strong></span> <span class='ocrx_word' id='word_1_195' title='bbox 860 2133 904 2190; x_wconf 86' lang='lat' dir='ltr'><strong>est</strong></span> <span class='ocrx_word' id='word_1_196' title='bbox 924 2127 1078 2190; x_wconf 87' lang='lat' dir='ltr'><strong>sententia.</strong></span> <span class='ocrx_word' id='word_1_197' title='bbox 1117 2127 1210 2206; x_wconf 89' lang='lat' dir='ltr'><strong>Sunt,</strong></span> <span class='ocrx_word' id='word_1_198' title='bbox 1234 2127 1285 2210; x_wconf 95' lang='lat' dir='ltr'><strong>qui</strong></span> 
     </span>
     <span class='ocr_line' id='line_1_22' title="bbox 62 2213 1284 2298; baseline 0.001 -21"><span class='ocrx_word' id='word_1_199' title='bbox 62 2232 130 2278; x_wconf 88' lang='lat' dir='ltr'><strong>eam</strong></span> <span class='ocrx_word' id='word_1_200' title='bbox 156 2217 191 2277; x_wconf 90' lang='lat' dir='ltr'><strong>ad</strong></span> <span class='ocrx_word' id='word_1_201' title='bbox 218 2215 415 2298; x_wconf 87' lang='lat' dir='ltr'><strong>apostoloram</strong></span> <span class='ocrx_word' id='word_1_202' title='bbox 438 2215 497 2298; x_wconf 80' lang='lat' dir='ltr'><strong>jam</strong></span> <span class='ocrx_word' id='word_1_203' title='bbox 516 2225 641 2279; x_wconf 87' lang='lat' dir='ltr'><strong>aetatem</strong></span> <span class='ocrx_word' id='word_1_204' title='bbox 666 2233 824 2295; x_wconf 90' lang='lat' dir='ltr'><strong>eorumque</strong></span> <span class='ocrx_word' id='word_1_205' title='bbox 848 2215 953 2296; x_wconf 86' lang='lat' dir='ltr'><strong>praxin</strong></span> <span class='ocrx_word' id='word_1_206' title='bbox 978 2213 1177 2294; x_wconf 83' lang='lat' dir='ltr'><strong>referunt†);</strong></span> <span class='ocrx_word' id='word_1_207' title='bbox 1206 2225 1284 2294; x_wconf 87' lang='lat' dir='ltr'><strong>sunt,</strong></span> 
     </span>
     <span class='ocr_line' id='line_1_23' title="bbox 2 2302 1283 2387; baseline 0.001 -23"><span class='ocrx_word' id='word_1_208' title='bbox 2 2362 6 2372; x_wconf 74' lang='grc'><em>,</em></span> <span class='ocrx_word' id='word_1_209' title='bbox 63 2303 116 2386; x_wconf 87' lang='lat' dir='ltr'><strong>qni</strong></span> <span class='ocrx_word' id='word_1_210' title='bbox 135 2303 223 2386; x_wconf 74' lang='lat' dir='ltr'><strong>paulo</strong></span> <span class='ocrx_word' id='word_1_211' title='bbox 241 2313 307 2386; x_wconf 86' lang='lat' dir='ltr'><strong>post</strong></span> <span class='ocrx_word' id='word_1_212' title='bbox 323 2320 386 2368; x_wconf 80' lang='lat' dir='ltr'><strong>eam</strong></span> <span class='ocrx_word' id='word_1_213' title='bbox 403 2303 565 2370; x_wconf 82' lang='lat' dir='ltr'><strong>invaluisse</strong></span> <span class='ocrx_word' id='word_1_214' title='bbox 582 2303 823 2387; x_wconf 78' lang='lat' dir='ltr'><strong>perhihent††);</strong></span> <span class='ocrx_word' id='word_1_215' title='bbox 846 2313 914 2365; x_wconf 87' lang='lat' dir='ltr'><strong>sunt</strong></span> <span class='ocrx_word' id='word_1_216' title='bbox 930 2302 1067 2384; x_wconf 88' lang='lat' dir='ltr'><strong>denique,</strong></span> <span class='ocrx_word' id='word_1_217' title='bbox 1086 2302 1135 2384; x_wconf 91' lang='lat' dir='ltr'><strong>qui</strong></span> <span class='ocrx_word' id='word_1_218' title='bbox 1153 2303 1220 2366; x_wconf 88' lang='lat' dir='ltr'><strong>totis</strong></span> <span class='ocrx_word' id='word_1_219' title='bbox 1237 2302 1283 2368; x_wconf 82' lang='lat' dir='ltr'><strong>vi-</strong></span> 
     </span>
    </p>
   </div>
   <div class='ocr_carea' id='block_1_5' title="bbox 58 2463 295 2482">
    <p class='ocr_par' dir='ltr' id='par_1_5' title="bbox 58 2463 295 2482">
     <span class='ocr_line' id='line_1_24' title="bbox 58 2463 295 2482; baseline 0 -2"><span class='ocrx_word' id='word_1_220' title='bbox 58 2463 295 2482; x_wconf 58' lang='lat' dir='ltr'><strong>-un—ss—-n-</strong></span> 
     </span>
    </p>
   </div>
   <div class='ocr_carea' id='block_1_6' title="bbox 62 2557 1315 4500">
    <p class='ocr_par' dir='ltr' id='par_1_6' title="bbox 62 2557 1286 2836">
     <span class='ocr_line' id='line_1_25' title="bbox 134 2557 1286 2629; baseline 0 -18"><span class='ocrx_word' id='word_1_221' title='bbox 134 2559 162 2625; x_wconf 77' lang='grc'><strong>*)</strong></span> <span class='ocrx_word' id='word_1_222' title='bbox 184 2563 217 2611; x_wconf 82' lang='lat' dir='ltr'><strong>ele</strong></span> <span class='ocrx_word' id='word_1_223' title='bbox 241 2563 364 2628; x_wconf 70' lang='lat' dir='ltr'><strong>baptism,</strong></span> <span class='ocrx_word' id='word_1_224' title='bbox 386 2579 444 2627; x_wconf 84' lang='lat' dir='ltr'><strong>cap.</strong></span> <span class='ocrx_word' id='word_1_225' title='bbox 462 2563 488 2614; x_wconf 82' lang='lat'><strong>4.</strong></span> <span class='ocrx_word' id='word_1_226' title='bbox 514 2578 540 2629; x_wconf 89' lang='lat' dir='ltr'><strong>p.</strong></span> <span class='ocrx_word' id='word_1_227' title='bbox 561 2561 630 2614; x_wconf 72' lang='lat'><strong>4602</strong></span> <span class='ocrx_word' id='word_1_228' title='bbox 656 2560 742 2626; x_wconf 54' lang='lat' dir='ltr'><strong>unitor</strong></span> <span class='ocrx_word' id='word_1_229' title='bbox 767 2576 851 2610; x_wconf 83' lang='lat' dir='ltr'><strong>omnes</strong></span> <span class='ocrx_word' id='word_1_230' title='bbox 871 2575 957 2628; x_wconf 82' lang='lat' dir='ltr'><strong>aquae</strong></span> <span class='ocrx_word' id='word_1_231' title='bbox 976 2559 1007 2608; x_wconf 83' lang='lat' dir='ltr'><strong>de</strong></span> <span class='ocrx_word' id='word_1_232' title='bbox 1024 2557 1156 2624; x_wconf 80' lang='lat' dir='ltr'><strong>pristinae</strong></span> <span class='ocrx_word' id='word_1_233' title='bbox 1173 2557 1286 2626; x_wconf 78' lang='lat' dir='ltr'><strong>originis</strong></span> 
     </span>
     <span class='ocr_line' id='line_1_26' title="bbox 62 2629 1285 2700; baseline -0.002 -19"><span class='ocrx_word' id='word_1_234' title='bbox 62 2631 257 2700; x_wconf 68' lang='lat' dir='ltr'><strong>pramgatioe</strong></span> <span class='ocrx_word' id='word_1_235' title='bbox 282 2641 471 2682; x_wconf 63' lang='lat' dir='ltr'><strong>remanentem</strong></span> <span class='ocrx_word' id='word_1_236' title='bbox 489 2629 702 2693; x_wconf 68' lang='lat' dir='ltr'><strong>sanctificationis</strong></span> <span class='ocrx_word' id='word_1_237' title='bbox 720 2637 922 2698; x_wconf 73' lang='lat' dir='ltr'><strong>consequuntur,</strong></span> <span class='ocrx_word' id='word_1_238' title='bbox 949 2629 1068 2678; x_wconf 77' lang='lat' dir='ltr'><strong>invocato</strong></span> <span class='ocrx_word' id='word_1_239' title='bbox 1088 2632 1151 2678; x_wconf 79' lang='lat' dir='ltr'><strong>Deo.</strong></span> <span class='ocrx_word' id='word_1_240' title='bbox 1188 2634 1285 2695; x_wconf 77' lang='lat' dir='ltr'><strong>Super·</strong></span> 
     </span>
     <span class='ocr_line' id='line_1_27' title="bbox 64 2697 1286 2766; baseline -0.003 -14"><span class='ocrx_word' id='word_1_241' title='bbox 64 2703 136 2752; x_wconf 77' lang='lat' dir='ltr'><strong>uenit</strong></span> <span class='ocrx_word' id='word_1_242' title='bbox 155 2701 222 2750; x_wconf 79' lang='lat' dir='ltr'><strong>enim</strong></span> <span class='ocrx_word' id='word_1_243' title='bbox 243 2702 331 2750; x_wconf 77' lang='lat' dir='ltr'><strong>statim</strong></span> <span class='ocrx_word' id='word_1_244' title='bbox 348 2702 457 2766; x_wconf 80' lang='lat' dir='ltr'><strong>spiritus</strong></span> <span class='ocrx_word' id='word_1_245' title='bbox 475 2701 506 2749; x_wconf 82' lang='lat' dir='ltr'><strong>de</strong></span> <span class='ocrx_word' id='word_1_246' title='bbox 523 2702 600 2750; x_wconf 77' lang='lat' dir='ltr'><strong>coelis</strong></span> <span class='ocrx_word' id='word_1_247' title='bbox 618 2709 643 2748; x_wconf 83' lang='lat' dir='ltr'><strong>et</strong></span> <span class='ocrx_word' id='word_1_248' title='bbox 662 2700 738 2766; x_wconf 67' lang='lat' dir='ltr'><strong>aquea</strong></span> <span class='ocrx_word' id='word_1_249' title='bbox 757 2707 889 2762; x_wconf 83' lang='lat' dir='ltr'><strong>superest,</strong></span> <span class='ocrx_word' id='word_1_250' title='bbox 911 2697 1077 2761; x_wconf 79' lang='lat' dir='ltr'><strong>sarretificaas</strong></span> <span class='ocrx_word' id='word_1_251' title='bbox 1096 2713 1141 2748; x_wconf 84' lang='lat' dir='ltr'><strong>eae</strong></span> <span class='ocrx_word' id='word_1_252' title='bbox 1160 2699 1192 2748; x_wconf 82' lang='lat' dir='ltr'><strong>ele</strong></span> <span class='ocrx_word' id='word_1_253' title='bbox 1207 2707 1286 2750; x_wconf 72' lang='lat' dir='ltr'><strong>senet</strong></span> 
     </span>
     <span class='ocr_line' id='line_1_28' title="bbox 63 2767 859 2836; baseline -0.006 -16"><span class='ocrx_word' id='word_1_254' title='bbox 63 2774 123 2836; x_wconf 76' lang='lat' dir='ltr'><strong>ipen</strong></span> <span class='ocrx_word' id='word_1_255' title='bbox 141 2779 167 2818; x_wconf 87' lang='lat' dir='ltr'><strong>et</strong></span> <span class='ocrx_word' id='word_1_256' title='bbox 186 2769 489 2832; x_wconf 64' lang='lat' dir='ltr'><strong>ascenderamus·</strong></span> <span class='ocrx_word' id='word_1_257' title='bbox 508 2767 690 2830; x_wconf 72' lang='lat' dir='ltr'><strong>saacapieandi</strong></span> <span class='ocrx_word' id='word_1_258' title='bbox 707 2768 859 2820; x_wconf 76' lang='lat' dir='ltr'><strong>combibant.</strong></span> 
     </span>
    </p>

    <p class='ocr_par' dir='ltr' id='par_1_7' title="bbox 65 2829 1315 3390">
     <span class='ocr_line' id='line_1_29' title="bbox 135 2829 1283 2905; baseline -0.003 -14"><span class='ocrx_word' id='word_1_259' title='bbox 135 2839 183 2904; x_wconf 59' lang='grc' dir='ltr'><strong>*ἢ</strong></span> <span class='ocrx_word' id='word_1_260' title='bbox 204 2838 230 2902; x_wconf 74' lang='lat' dir='ltr'><strong>l,</strong></span> <span class='ocrx_word' id='word_1_261' title='bbox 247 2839 290 2892; x_wconf 77' lang='grc'><strong>43.</strong></span> <span class='ocrx_word' id='word_1_262' title='bbox 310 2840 352 2890; x_wconf 84' lang='lat' dir='ltr'><strong>eni</strong></span> <span class='ocrx_word' id='word_1_263' title='bbox 370 2839 462 2888; x_wconf 79' lang='lat' dir='ltr'><strong>titulos</strong></span> <span class='ocrx_word' id='word_1_264' title='bbox 480 2837 627 2905; x_wconf 78' lang='lat' dir='ltr'><strong>praedaene</strong></span> <span class='ocrx_word' id='word_1_265' title='bbox 646 2835 774 2902; x_wconf 75' lang='lat' dir='ltr'><strong>aspirari</strong></span> <span class='ocrx_word' id='word_1_266' title='bbox 791 2834 927 2902; x_wconf 74' lang='grc' dir='ltr'><strong><em>μυστικοῦ</em></strong></span> <span class='ocrx_word' id='word_1_267' title='bbox 945 2829 1047 2892; x_wconf 68' lang='lat' dir='ltr'><strong>{idaeos</strong></span> <span class='ocrx_word' id='word_1_268' title='bbox 1057 2830 1215 2901; x_wconf 79' lang='grc' dir='ltr'><strong><em>εὐχαριστία</em></strong></span> <span class='ocrx_word' id='word_1_269' title='bbox 1226 2838 1283 2903; x_wconf 87' lang='lat' dir='ltr'><strong>(ep.</strong></span> 
     </span>
     <span class='ocr_line' id='line_1_30' title="bbox 65 2904 1286 2972; baseline -0.005 -11"><span class='ocrx_word' id='word_1_270' title='bbox 65 2909 281 2961; x_wconf 81' lang='lat' dir='ltr'><strong>Getclerinm</strong></span> <span class='ocrx_word' id='word_1_271' title='bbox 298 2917 358 2960; x_wconf 78' lang='lat' dir='ltr'><strong>tom.</strong></span> <span class='ocrx_word' id='word_1_272' title='bbox 377 2909 402 2960; x_wconf 92' lang='grc'><strong>1.</strong></span> <span class='ocrx_word' id='word_1_273' title='bbox 419 2916 493 2972; x_wconf 77' lang='lat' dir='ltr'><strong>patr.</strong></span> <span class='ocrx_word' id='word_1_274' title='bbox 511 2907 674 2972; x_wconf 73' lang='lat' dir='ltr'><strong>apostolieae.</strong></span> <span class='ocrx_word' id='word_1_275' title='bbox 693 2921 719 2970; x_wconf 90' lang='lat' dir='ltr'><strong>p.</strong></span> <span class='ocrx_word' id='word_1_276' title='bbox 739 2904 813 2967; x_wconf 78' lang='grc'>384.)</span> <span class='ocrx_word' id='word_1_277' title='bbox 833 2904 877 2954; x_wconf 82' lang='lat' dir='ltr'><strong>nbi</strong></span> <span class='ocrx_word' id='word_1_278' title='bbox 899 2905 994 2954; x_wconf 80' lang='lat' dir='ltr'><strong>lanceae</strong></span> <span class='ocrx_word' id='word_1_279' title='bbox 1013 2905 1174 2970; x_wconf 84' lang='lat' dir='ltr'><strong>praescripta</strong></span> <span class='ocrx_word' id='word_1_280' title='bbox 1194 2906 1286 2971; x_wconf 83' lang='lat' dir='ltr'><strong>depre-</strong></span> 
     </span>
     <span class='ocr_line' id='line_1_31' title="bbox 66 2965 1285 3038; baseline -0.007 -7"><span class='ocrx_word' id='word_1_281' title='bbox 66 2979 181 3031; x_wconf 74' lang='lat' dir='ltr'><strong>lteedesr</strong></span> <span class='ocrx_word' id='word_1_282' title='bbox 209 2972 296 3028; x_wconf 72' lang='grc' dir='ltr'><strong><em>αὐτὸν</em></strong></span> <span class='ocrx_word' id='word_1_283' title='bbox 316 2965 383 3038; x_wconf 68' lang='grc' dir='ltr'><strong><em>οὖν,</em></strong></span> <span class='ocrx_word' id='word_1_284' title='bbox 410 2973 460 3036; x_wconf 81' lang='grc' dir='ltr'><strong><em>τὸν</em></strong></span> <span class='ocrx_word' id='word_1_285' title='bbox 478 2969 620 3037; x_wconf 72' lang='grc' dir='ltr'><strong>δεσπότην</strong></span> <span class='ocrx_word' id='word_1_286' title='bbox 638 2969 710 3024; x_wconf 82' lang='grc' dir='ltr'><strong><em>Θεὸν</em></strong></span> <span class='ocrx_word' id='word_1_287' title='bbox 728 2969 779 3024; x_wconf 87' lang='grc' dir='ltr'><strong><em>τὸν</em></strong></span> <span class='ocrx_word' id='word_1_288' title='bbox 797 2965 1023 3038; x_wconf 78' lang='grc' dir='ltr'><strong><em>ααντοκρᾶτσρα,</em></strong></span> <span class='ocrx_word' id='word_1_289' title='bbox 1045 2967 1095 3021; x_wconf 88' lang='grc' dir='ltr'><strong><em>τὸν</em></strong></span> <span class='ocrx_word' id='word_1_290' title='bbox 1112 2973 1217 3038; x_wconf 80' lang='grc' dir='ltr'><strong><em>ττατίρα</em></strong></span> <span class='ocrx_word' id='word_1_291' title='bbox 1235 2972 1285 3022; x_wconf 84' lang='grc' dir='ltr'><strong><em>τοῦ</em></strong></span> 
     </span>
     <span class='ocr_line' id='line_1_32' title="bbox 65 3037 1286 3117; baseline -0.006 -19"><span class='ocrx_word' id='word_1_292' title='bbox 65 3047 241 3117; x_wconf 67' lang='lat' dir='ltr'><strong>pierepercie</strong></span> <span class='ocrx_word' id='word_1_293' title='bbox 258 3045 339 3110; x_wconf 81' lang='grc' dir='ltr'><strong><em>Θτσῖι,</em></strong></span> <span class='ocrx_word' id='word_1_294' title='bbox 357 3045 404 3096; x_wconf 76' lang='grc' dir='ltr'><strong><em>καὶ</em></strong></span> <span class='ocrx_word' id='word_1_295' title='bbox 421 3045 479 3095; x_wconf 71' lang='grc' dir='ltr'><strong>νῦν</strong></span> <span class='ocrx_word' id='word_1_296' title='bbox 490 3043 683 3112; x_wconf 70' lang='grc' dir='ltr'><strong>παρακαλείτω</strong></span> <span class='ocrx_word' id='word_1_297' title='bbox 701 3037 717 3092; x_wconf 80' lang='grc' dir='ltr'><strong>ὁ</strong></span> <span class='ocrx_word' id='word_1_298' title='bbox 736 3038 822 3106; x_wconf 78' lang='grc' dir='ltr'><strong><em>ἱερεὺς</em></strong></span> <span class='ocrx_word' id='word_1_299' title='bbox 838 3037 908 3105; x_wconf 76' lang='grc' dir='ltr'><strong><em>πρὸς</em></strong></span> <span class='ocrx_word' id='word_1_300' title='bbox 925 3040 962 3104; x_wconf 84' lang='grc' dir='ltr'><strong><em>τῷ</em></strong></span> <span class='ocrx_word' id='word_1_301' title='bbox 978 3041 1159 3107; x_wconf 75' lang='grc' dir='ltr'><strong><em>βαπτίσματι,</em></strong></span> <span class='ocrx_word' id='word_1_302' title='bbox 1179 3040 1226 3090; x_wconf 80' lang='grc' dir='ltr'><strong><em>καὶ</em></strong></span> <span class='ocrx_word' id='word_1_303' title='bbox 1244 3041 1286 3092; x_wconf 61' lang='lat' dir='ltr'><strong>aaa</strong></span> 
     </span>
     <span class='ocr_line' id='line_1_33' title="bbox 66 3101 1285 3184; baseline -0.009 -15"><span class='ocrx_word' id='word_1_304' title='bbox 66 3119 148 3184; x_wconf 72' lang='lat' dir='ltr'><strong>ydrae,</strong></span> <span class='ocrx_word' id='word_1_305' title='bbox 170 3111 216 3168; x_wconf 74' lang='grc' dir='ltr'><strong>ὅτε</strong></span> <span class='ocrx_word' id='word_1_306' title='bbox 235 3108 331 3166; x_wconf 76' lang='grc' dir='ltr'><strong><em>κάτιδε</em></strong></span> <span class='ocrx_word' id='word_1_307' title='bbox 350 3113 379 3173; x_wconf 73' lang='grc' dir='ltr'><strong>ἐξ</strong></span> <span class='ocrx_word' id='word_1_308' title='bbox 397 3111 536 3182; x_wconf 70' lang='lat' dir='ltr'><strong>adposui,</strong></span> <span class='ocrx_word' id='word_1_309' title='bbox 549 3112 598 3162; x_wconf 79' lang='lat' dir='ltr'><strong>ael</strong></span> <span class='ocrx_word' id='word_1_310' title='bbox 617 3106 737 3178; x_wconf 76' lang='grc' dir='ltr'><strong><em>ἁγίασον</em></strong></span> <span class='ocrx_word' id='word_1_311' title='bbox 755 3106 787 3160; x_wconf 85' lang='grc' dir='ltr'><strong><em>τὸ</em></strong></span> <span class='ocrx_word' id='word_1_312' title='bbox 806 3104 881 3175; x_wconf 76' lang='grc' dir='ltr'><strong>ὕδωρ</strong></span> <span class='ocrx_word' id='word_1_313' title='bbox 898 3108 993 3160; x_wconf 71' lang='lat' dir='ltr'><strong>codro·</strong></span> <span class='ocrx_word' id='word_1_314' title='bbox 1015 3105 1065 3166; x_wconf 68' lang='lat' dir='ltr'><strong>dee</strong></span> <span class='ocrx_word' id='word_1_315' title='bbox 1085 3106 1117 3159; x_wconf 69' lang='lat' dir='ltr'><strong>ds</strong></span> <span class='ocrx_word' id='word_1_316' title='bbox 1134 3101 1220 3176; x_wconf 74' lang='grc' dir='ltr'><strong><em>χάριν</em></strong></span> <span class='ocrx_word' id='word_1_317' title='bbox 1238 3109 1285 3158; x_wconf 79' lang='grc' dir='ltr'><strong><em>καὶ</em></strong></span> 
     </span>
     <span class='ocr_line' id='line_1_34' title="bbox 66 3174 1315 3256; baseline -0.01 -19"><span class='ocrx_word' id='word_1_318' title='bbox 66 3179 207 3256; x_wconf 55' lang='lat' dir='ltr'><strong>dirupta,</strong></span> <span class='ocrx_word' id='word_1_319' title='bbox 235 3179 303 3236; x_wconf 72' lang='lat' dir='ltr'><strong>eicos</strong></span> <span class='ocrx_word' id='word_1_320' title='bbox 320 3179 370 3236; x_wconf 79' lang='grc' dir='ltr'><strong><em>τὸν</em></strong></span> <span class='ocrx_word' id='word_1_321' title='bbox 386 3176 604 3252; x_wconf 75' lang='grc' dir='ltr'><strong><em>βαπτιζόμενον,</em></strong></span> <span class='ocrx_word' id='word_1_322' title='bbox 630 3177 686 3232; x_wconf 81' lang='grc' dir='ltr'><strong><em>κατ’</em></strong></span> <span class='ocrx_word' id='word_1_323' title='bbox 714 3175 828 3239; x_wconf 67' lang='grc' dir='ltr'><strong><em>ἐντολὴν</em></strong></span> <span class='ocrx_word' id='word_1_324' title='bbox 845 3177 894 3230; x_wconf 86' lang='grc' dir='ltr'><strong><em>τοῦ</em></strong></span> <span class='ocrx_word' id='word_1_325' title='bbox 913 3177 1036 3243; x_wconf 82' lang='grc' dir='ltr'><strong><em>Χριστοῦ</em></strong></span> <span class='ocrx_word' id='word_1_326' title='bbox 1057 3191 1122 3243; x_wconf 87' lang='grc' dir='ltr'><strong><em>σου,</em></strong></span> <span class='ocrx_word' id='word_1_327' title='bbox 1149 3174 1221 3244; x_wconf 82' lang='grc' dir='ltr'><strong><em>αὐτῷ</em></strong></span> <span class='ocrx_word' id='word_1_328' title='bbox 1239 3191 1286 3228; x_wconf 84' lang='lat' dir='ltr'><strong>oo·</strong></span> <span class='ocrx_word' id='word_1_329' title='bbox 1310 3211 1315 3223; x_wconf 58' lang='grc' dir='ltr'><strong><em>ι</em></strong></span> 
     </span>
     <span class='ocr_line' id='line_1_35' title="bbox 66 3243 1285 3332; baseline -0.006 -25"><span class='ocrx_word' id='word_1_330' title='bbox 66 3255 273 3324; x_wconf 63' lang='grc' dir='ltr'><strong><em>σταυρωθῆναι,</em></strong></span> <span class='ocrx_word' id='word_1_331' title='bbox 289 3253 337 3304; x_wconf 79' lang='grc' dir='ltr'><strong>καὶ</strong></span> <span class='ocrx_word' id='word_1_332' title='bbox 352 3254 569 3311; x_wconf 71' lang='grc' dir='ltr'><strong><em>συναποθανεῖν,</em></strong></span> <span class='ocrx_word' id='word_1_333' title='bbox 587 3249 635 3302; x_wconf 76' lang='grc' dir='ltr'><strong><em>καὶ</em></strong></span> <span class='ocrx_word' id='word_1_334' title='bbox 652 3249 839 3332; x_wconf 62' lang='lat' dir='ltr'><strong>carroperae,</strong></span> <span class='ocrx_word' id='word_1_335' title='bbox 855 3247 902 3298; x_wconf 78' lang='grc' dir='ltr'><strong><em>καὶ</em></strong></span> <span class='ocrx_word' id='word_1_336' title='bbox 920 3247 1125 3311; x_wconf 77' lang='grc' dir='ltr'><strong><em>συναναστῆναι</em></strong></span> <span class='ocrx_word' id='word_1_337' title='bbox 1142 3249 1179 3304; x_wconf 80' lang='grc' dir='ltr'><strong>εἰς</strong></span> <span class='ocrx_word' id='word_1_338' title='bbox 1195 3243 1285 3300; x_wconf 77' lang='lat' dir='ltr'><strong>deode-</strong></span> 
     </span>
     <span class='ocr_line' id='line_1_36' title="bbox 68 3311 1256 3390; baseline -0.008 -14"><span class='ocrx_word' id='word_1_339' title='bbox 68 3329 133 3376; x_wconf 91' lang='grc' dir='ltr'><strong><em>σίαν</em></strong></span> <span class='ocrx_word' id='word_1_340' title='bbox 150 3320 202 3384; x_wconf 79' lang='grc' dir='ltr'><strong><em>τὴν</em></strong></span> <span class='ocrx_word' id='word_1_341' title='bbox 219 3323 250 3376; x_wconf 81' lang='lat' dir='ltr'><strong>ir</strong></span> <span class='ocrx_word' id='word_1_342' title='bbox 268 3319 351 3388; x_wconf 82' lang='grc' dir='ltr'><strong><em>αὐτῷ,</em></strong></span> <span class='ocrx_word' id='word_1_343' title='bbox 368 3321 405 3387; x_wconf 79' lang='grc' dir='ltr'><strong><em>τῷ</em></strong></span> <span class='ocrx_word' id='word_1_344' title='bbox 423 3320 595 3387; x_wconf 78' lang='grc' dir='ltr'><strong><em>νεκρωθῆναι</em></strong></span> <span class='ocrx_word' id='word_1_345' title='bbox 611 3317 670 3387; x_wconf 77' lang='grc' dir='ltr'><strong>μὲν,</strong></span> <span class='ocrx_word' id='word_1_346' title='bbox 684 3320 714 3390; x_wconf 82' lang='grc' dir='ltr'><strong><em>τῇ</em></strong></span> <span class='ocrx_word' id='word_1_347' title='bbox 735 3319 866 3386; x_wconf 81' lang='grc' dir='ltr'><strong><em>αμαρτίᾳ,</em></strong></span> <span class='ocrx_word' id='word_1_348' title='bbox 888 3317 964 3379; x_wconf 76' lang='grc' dir='ltr'><strong><em>ζῆσαι</em></strong></span> <span class='ocrx_word' id='word_1_349' title='bbox 982 3315 1014 3368; x_wconf 77' lang='lat' dir='ltr'><strong>dl</strong></span> <span class='ocrx_word' id='word_1_350' title='bbox 1034 3317 1065 3388; x_wconf 73' lang='lat' dir='ltr'><strong>aqi</strong></span> <span class='ocrx_word' id='word_1_351' title='bbox 1084 3311 1256 3388; x_wconf 69' lang='grc' dir='ltr'><strong><em>δικαιοσύνῃ.</em></strong></span> 
     </span>
    </p>

    <p class='ocr_par' dir='ltr' id='par_1_8' title="bbox 67 3388 1287 3948">
     <span class='ocr_line' id='line_1_37' title="bbox 136 3388 1286 3462; baseline -0.006 -19"><span class='ocrx_word' id='word_1_352' title='bbox 136 3392 201 3462; x_wconf 60' lang='lat' dir='ltr'><strong>l‘&#39;l&#39;l)</strong></span> <span class='ocrx_word' id='word_1_353' title='bbox 220 3393 253 3442; x_wconf 65' lang='lat' dir='ltr'><strong>le</strong></span> <span class='ocrx_word' id='word_1_354' title='bbox 268 3390 425 3458; x_wconf 68' lang='lat' dir='ltr'><strong>appeared.</strong></span> <span class='ocrx_word' id='word_1_355' title='bbox 445 3407 470 3458; x_wconf 85' lang='lat' dir='ltr'><strong>p.</strong></span> <span class='ocrx_word' id='word_1_356' title='bbox 481 3391 548 3442; x_wconf 69' lang='lat' dir='ltr'><strong>ldis</strong></span> <span class='ocrx_word' id='word_1_357' title='bbox 566 3390 658 3440; x_wconf 73' lang='lat' dir='ltr'><strong>exinde</strong></span> <span class='ocrx_word' id='word_1_358' title='bbox 673 3391 774 3452; x_wconf 73' lang='lat' dir='ltr'><strong>egressi</strong></span> <span class='ocrx_word' id='word_1_359' title='bbox 790 3389 823 3436; x_wconf 83' lang='lat' dir='ltr'><strong>ele</strong></span> <span class='ocrx_word' id='word_1_360' title='bbox 835 3389 954 3452; x_wconf 67' lang='lat' dir='ltr'><strong>lavaero,</strong></span> <span class='ocrx_word' id='word_1_361' title='bbox 964 3388 1139 3452; x_wconf 62' lang='lat' dir='ltr'><strong>perangimur</strong></span> <span class='ocrx_word' id='word_1_362' title='bbox 1151 3388 1286 3436; x_wconf 78' lang='lat' dir='ltr'><strong>benedicta</strong></span> 
     </span>
     <span class='ocr_line' id='line_1_38' title="bbox 67 3457 1285 3528; baseline -0.009 -14"><span class='ocrx_word' id='word_1_363' title='bbox 67 3465 197 3528; x_wconf 65' lang='lat' dir='ltr'><strong>emisse,</strong></span> <span class='ocrx_word' id='word_1_364' title='bbox 216 3462 379 3527; x_wconf 65' lang='lat' dir='ltr'><strong>depectens</strong></span> <span class='ocrx_word' id='word_1_365' title='bbox 392 3462 541 3526; x_wconf 70' lang='lat' dir='ltr'><strong>discipliane,</strong></span> <span class='ocrx_word' id='word_1_366' title='bbox 559 3475 612 3526; x_wconf 70' lang='lat' dir='ltr'><strong>qao</strong></span> <span class='ocrx_word' id='word_1_367' title='bbox 625 3459 694 3522; x_wconf 78' lang='lat' dir='ltr'><strong>engi</strong></span> <span class='ocrx_word' id='word_1_368' title='bbox 709 3461 764 3508; x_wconf 79' lang='lat' dir='ltr'><strong>oleo</strong></span> <span class='ocrx_word' id='word_1_369' title='bbox 782 3458 814 3506; x_wconf 81' lang='lat' dir='ltr'><strong>de</strong></span> <span class='ocrx_word' id='word_1_370' title='bbox 829 3470 909 3505; x_wconf 78' lang='lat' dir='ltr'><strong>cerno</strong></span> <span class='ocrx_word' id='word_1_371' title='bbox 923 3458 951 3505; x_wconf 81' lang='lat' dir='ltr'><strong>in</strong></span> <span class='ocrx_word' id='word_1_372' title='bbox 968 3457 1139 3505; x_wconf 79' lang='lat' dir='ltr'><strong>sacerdotium</strong></span> <span class='ocrx_word' id='word_1_373' title='bbox 1158 3457 1285 3510; x_wconf 63' lang='lat' dir='ltr'><strong>solebam</strong></span> 
     </span>
     <span class='ocr_line' id='line_1_39' title="bbox 68 3524 1286 3595; baseline -0.011 -10"><span class='ocrx_word' id='word_1_374' title='bbox 68 3534 133 3586; x_wconf 80' lang='lat' dir='ltr'><strong>{rem</strong></span> <span class='ocrx_word' id='word_1_375' title='bbox 151 3533 185 3582; x_wconf 76' lang='lat' dir='ltr'><strong>de</strong></span> <span class='ocrx_word' id='word_1_376' title='bbox 202 3539 301 3584; x_wconf 67' lang='lat' dir='ltr'><strong>reem</strong></span> <span class='ocrx_word' id='word_1_377' title='bbox 318 3542 391 3580; x_wconf 58' lang='lat' dir='ltr'><strong>uero:</strong></span> <span class='ocrx_word' id='word_1_378' title='bbox 411 3529 438 3580; x_wconf 81' lang='lat'><strong>8.</strong></span> <span class='ocrx_word' id='word_1_379' title='bbox 466 3545 491 3595; x_wconf 85' lang='lat' dir='ltr'><strong>p.</strong></span> <span class='ocrx_word' id='word_1_380' title='bbox 510 3527 570 3580; x_wconf 82' lang='lat' dir='ltr'><strong>teo.</strong></span> <span class='ocrx_word' id='word_1_381' title='bbox 592 3527 661 3578; x_wconf 88' lang='lat' dir='ltr'><strong>illios</strong></span> <span class='ocrx_word' id='word_1_382' title='bbox 684 3529 723 3578; x_wconf 84' lang='lat' dir='ltr'><strong>rei</strong></span> <span class='ocrx_word' id='word_1_383' title='bbox 744 3529 792 3577; x_wconf 83' lang='lat' dir='ltr'><strong>loe</strong></span> <span class='ocrx_word' id='word_1_384' title='bbox 819 3525 908 3576; x_wconf 85' lang='lat' dir='ltr'><strong>ordine</strong></span> <span class='ocrx_word' id='word_1_385' title='bbox 934 3525 1088 3575; x_wconf 85' lang='lat' dir='ltr'><strong>mentionem</strong></span> <span class='ocrx_word' id='word_1_386' title='bbox 1115 3524 1195 3576; x_wconf 85' lang='lat' dir='ltr'><strong>lecit:</strong></span> <span class='ocrx_word' id='word_1_387' title='bbox 1224 3538 1286 3574; x_wconf 83' lang='lat' dir='ltr'><strong>earo</strong></span> 
     </span>
     <span class='ocr_line' id='line_1_40' title="bbox 68 3593 1287 3664; baseline -0.01 -12"><span class='ocrx_word' id='word_1_388' title='bbox 68 3603 196 3664; x_wconf 61' lang='lat' dir='ltr'><strong>diense,</strong></span> <span class='ocrx_word' id='word_1_389' title='bbox 212 3609 245 3650; x_wconf 73' lang='lat' dir='ltr'><strong>et</strong></span> <span class='ocrx_word' id='word_1_390' title='bbox 260 3601 351 3648; x_wconf 67' lang='lat' dir='ltr'><strong>esim</strong></span> <span class='ocrx_word' id='word_1_391' title='bbox 369 3599 535 3651; x_wconf 66' lang='lat' dir='ltr'><strong>maculetur.</strong></span> <span class='ocrx_word' id='word_1_392' title='bbox 573 3599 640 3646; x_wconf 77' lang='lat' dir='ltr'><strong>Gneo</strong></span> <span class='ocrx_word' id='word_1_393' title='bbox 657 3598 777 3660; x_wconf 64' lang='lat' dir='ltr'><strong>regerer,</strong></span> <span class='ocrx_word' id='word_1_394' title='bbox 794 3596 930 3644; x_wconf 79' lang='lat' dir='ltr'><strong>et&#39;aat’mn</strong></span> <span class='ocrx_word' id='word_1_395' title='bbox 948 3601 1117 3642; x_wconf 73' lang='lat' dir='ltr'><strong>consecretur.</strong></span> <span class='ocrx_word' id='word_1_396' title='bbox 1152 3593 1219 3644; x_wconf 77' lang='lat' dir='ltr'><strong>add.</strong></span> <span class='ocrx_word' id='word_1_397' title='bbox 1238 3593 1287 3642; x_wconf 59' lang='lat' dir='ltr'><strong>aas</strong></span> 
     </span>
     <span class='ocr_line' id='line_1_41' title="bbox 68 3661 1286 3734; baseline -0.007 -13"><span class='ocrx_word' id='word_1_398' title='bbox 68 3689 135 3726; x_wconf 83' lang='lat' dir='ltr'><strong>aere.</strong></span> <span class='ocrx_word' id='word_1_399' title='bbox 156 3669 290 3722; x_wconf 78' lang='lat' dir='ltr'><strong>Marcion.</strong></span> <span class='ocrx_word' id='word_1_400' title='bbox 311 3669 339 3730; x_wconf 89' lang='lat' dir='ltr'><strong>l,</strong></span> <span class='ocrx_word' id='word_1_401' title='bbox 362 3668 405 3719; x_wconf 76' lang='grc'><strong>14.</strong></span> <span class='ocrx_word' id='word_1_402' title='bbox 432 3683 458 3734; x_wconf 82' lang='lat' dir='ltr'><strong>p.</strong></span> <span class='ocrx_word' id='word_1_403' title='bbox 480 3665 539 3718; x_wconf 79' lang='lat'><strong>746.</strong></span> <span class='ocrx_word' id='word_1_404' title='bbox 564 3666 609 3716; x_wconf 90' lang='lat' dir='ltr'><strong>ubi</strong></span> <span class='ocrx_word' id='word_1_405' title='bbox 636 3661 836 3716; x_wconf 62' lang='lat' dir='ltr'><strong>haeresrdrclrae</strong></span> <span class='ocrx_word' id='word_1_406' title='bbox 855 3661 994 3712; x_wconf 85' lang='lat' dir='ltr'><strong>Marcionis</strong></span> <span class='ocrx_word' id='word_1_407' title='bbox 1013 3661 1241 3724; x_wconf 85' lang='lat' dir='ltr'><strong>consuetudinem,</strong></span> <span class='ocrx_word' id='word_1_408' title='bbox 1269 3673 1286 3712; x_wconf 84' lang='lat' dir='ltr'><strong>u</strong></span> 
     </span>
     <span class='ocr_line' id='line_1_42' title="bbox 69 3729 1286 3803; baseline -0.014 -11"><span class='ocrx_word' id='word_1_409' title='bbox 69 3741 215 3792; x_wconf 80' lang='lat' dir='ltr'><strong>catholicae</strong></span> <span class='ocrx_word' id='word_1_410' title='bbox 234 3737 362 3790; x_wconf 83' lang='lat' dir='ltr'><strong>eeclesiae</strong></span> <span class='ocrx_word' id='word_1_411' title='bbox 380 3737 454 3803; x_wconf 80' lang='lat' dir='ltr'><strong>praxi</strong></span> <span class='ocrx_word' id='word_1_412' title='bbox 473 3751 522 3786; x_wconf 93' lang='lat' dir='ltr'><strong>non</strong></span> <span class='ocrx_word' id='word_1_413' title='bbox 542 3735 715 3798; x_wconf 85' lang='lat' dir='ltr'><strong>ablodentcm,</strong></span> <span class='ocrx_word' id='word_1_414' title='bbox 734 3735 774 3783; x_wconf 83' lang='lat' dir='ltr'><strong>ltls</strong></span> <span class='ocrx_word' id='word_1_415' title='bbox 788 3732 876 3782; x_wconf 86' lang='lat' dir='ltr'><strong>verbis</strong></span> <span class='ocrx_word' id='word_1_416' title='bbox 889 3737 1087 3780; x_wconf 85' lang='lat' dir='ltr'><strong>commemorat:</strong></span> <span class='ocrx_word' id='word_1_417' title='bbox 1105 3729 1213 3779; x_wconf 73' lang='lat' dir='ltr'><strong>sedilia</strong></span> <span class='ocrx_word' id='word_1_418' title='bbox 1229 3729 1286 3796; x_wconf 80' lang='lat' dir='ltr'><strong>qur·-</strong></span> 
     </span>
     <span class='ocr_line' id='line_1_43' title="bbox 67 3797 1285 3878; baseline -0.013 -18"><span class='ocrx_word' id='word_1_419' title='bbox 67 3807 124 3860; x_wconf 69' lang='lat' dir='ltr'><strong>sear</strong></span> <span class='ocrx_word' id='word_1_420' title='bbox 141 3818 226 3878; x_wconf 71' lang='lat' dir='ltr'><strong>seque</strong></span> <span class='ocrx_word' id='word_1_421' title='bbox 247 3820 316 3856; x_wconf 81' lang='grc' dir='ltr'><strong><em>ταιατ</em></strong></span> <span class='ocrx_word' id='word_1_422' title='bbox 332 3819 492 3873; x_wconf 67' lang='lat' dir='ltr'><strong>praequam</strong></span> <span class='ocrx_word' id='word_1_423' title='bbox 513 3801 663 3868; x_wconf 79' lang='lat' dir='ltr'><strong>repredaee&#39;t</strong></span> <span class='ocrx_word' id='word_1_424' title='bbox 683 3801 822 3864; x_wconf 68' lang='lat' dir='ltr'><strong>mentoris,</strong></span> <span class='ocrx_word' id='word_1_425' title='bbox 851 3815 904 3868; x_wconf 80' lang='lat' dir='ltr'><strong>qua</strong></span> <span class='ocrx_word' id='word_1_426' title='bbox 923 3813 983 3848; x_wconf 80' lang='lat' dir='ltr'><strong>suae</strong></span> <span class='ocrx_word' id='word_1_427' title='bbox 1003 3799 1103 3862; x_wconf 76' lang='grc' dir='ltr'><strong><em>σίίνίτ,</em></strong></span> <span class='ocrx_word' id='word_1_428' title='bbox 1129 3810 1176 3846; x_wconf 82' lang='lat' dir='ltr'><strong>aee</strong></span> <span class='ocrx_word' id='word_1_429' title='bbox 1192 3797 1285 3870; x_wconf 71' lang='lat' dir='ltr'><strong>oleum,</strong></span> 
     </span>
     <span class='ocr_line' id='line_1_44' title="bbox 68 3877 1144 3948; baseline -0.015 -17"><span class='ocrx_word' id='word_1_430' title='bbox 68 3893 120 3948; x_wconf 66' lang='grc' dir='ltr'><strong><em>φιτ·</em></strong></span> <span class='ocrx_word' id='word_1_431' title='bbox 133 3891 197 3930; x_wconf 75' lang='grc' dir='ltr'><strong><em>αα</em></strong></span> <span class='ocrx_word' id='word_1_432' title='bbox 213 3877 301 3940; x_wconf 58' lang='grc' dir='ltr'><strong><em>κτρα.</em></strong></span> <span class='ocrx_word' id='word_1_433' title='bbox 1138 3934 1144 3948; x_wconf 29' lang='grc' dir='ltr'><strong>ο</strong></span> 
     </span>
    </p>

    <p class='ocr_par' dir='ltr' id='par_1_9' title="bbox 68 3936 1287 4276">
     <span class='ocr_line' id='line_1_45' title="bbox 136 3936 1287 4016; baseline -0.01 -18"><span class='ocrx_word' id='word_1_434' title='bbox 136 3951 170 4016; x_wconf 85' lang='lat'><strong>†)</strong></span> <span class='ocrx_word' id='word_1_435' title='bbox 190 3946 223 3997; x_wconf 89' lang='lat' dir='ltr'><strong>ad</strong></span> <span class='ocrx_word' id='word_1_436' title='bbox 243 3947 310 3996; x_wconf 84' lang='lat' dir='ltr'><strong>hano</strong></span> <span class='ocrx_word' id='word_1_437' title='bbox 328 3945 430 4012; x_wconf 88' lang='lat' dir='ltr'><strong>quidem</strong></span> <span class='ocrx_word' id='word_1_438' title='bbox 448 3941 646 3993; x_wconf 84' lang='lat' dir='ltr'><strong>confirmandam</strong></span> <span class='ocrx_word' id='word_1_439' title='bbox 666 3955 720 3990; x_wconf 88' lang='lat' dir='ltr'><strong>rem</strong></span> <span class='ocrx_word' id='word_1_440' title='bbox 738 3939 760 3988; x_wconf 87' lang='lat' dir='ltr'><strong>si</strong></span> <span class='ocrx_word' id='word_1_441' title='bbox 780 3937 865 3988; x_wconf 88' lang='lat' dir='ltr'><strong>nullus</strong></span> <span class='ocrx_word' id='word_1_442' title='bbox 885 3937 952 3986; x_wconf 86' lang='lat' dir='ltr'><strong>ellos</strong></span> <span class='ocrx_word' id='word_1_443' title='bbox 973 3936 1077 3986; x_wconf 82' lang='lat' dir='ltr'><strong>adesset</strong></span> <span class='ocrx_word' id='word_1_444' title='bbox 1094 3941 1220 4002; x_wconf 81' lang='lat' dir='ltr'><strong>sempter,</strong></span> <span class='ocrx_word' id='word_1_445' title='bbox 1244 3944 1287 3986; x_wconf 64' lang='lat' dir='ltr'><strong>soe</strong></span> 
     </span>
     <span class='ocr_line' id='line_1_46' title="bbox 68 4005 1287 4078; baseline -0.011 -10"><span class='ocrx_word' id='word_1_446' title='bbox 68 4017 122 4068; x_wconf 78' lang='lat' dir='ltr'><strong>lun</strong></span> <span class='ocrx_word' id='word_1_447' title='bbox 138 4024 226 4068; x_wconf 59' lang='lat' dir='ltr'><strong>umen</strong></span> <span class='ocrx_word' id='word_1_448' title='bbox 245 4019 287 4066; x_wconf 81' lang='lat' dir='ltr'><strong>set</strong></span> <span class='ocrx_word' id='word_1_449' title='bbox 305 4015 421 4078; x_wconf 60' lang='lat' dir='ltr'><strong>firmiter</strong></span> <span class='ocrx_word' id='word_1_450' title='bbox 444 4026 477 4064; x_wconf 85' lang='lat' dir='ltr'><strong>aa</strong></span> <span class='ocrx_word' id='word_1_451' title='bbox 493 4011 609 4078; x_wconf 83' lang='lat' dir='ltr'><strong>speciose</strong></span> <span class='ocrx_word' id='word_1_452' title='bbox 633 4010 724 4060; x_wconf 82' lang='lat' dir='ltr'><strong>adesse</strong></span> <span class='ocrx_word' id='word_1_453' title='bbox 743 4008 817 4072; x_wconf 84' lang='lat' dir='ltr'><strong>elque</strong></span> <span class='ocrx_word' id='word_1_454' title='bbox 837 4006 976 4072; x_wconf 82' lang='lat' dir='ltr'><strong>praecipue</strong></span> <span class='ocrx_word' id='word_1_455' title='bbox 995 4011 1022 4055; x_wconf 82' lang='lat' dir='ltr'><strong>et</strong></span> <span class='ocrx_word' id='word_1_456' title='bbox 1038 4005 1212 4072; x_wconf 82' lang='lat' dir='ltr'><strong>maximopere</strong></span> <span class='ocrx_word' id='word_1_457' title='bbox 1232 4011 1287 4055; x_wconf 86' lang='lat' dir='ltr'><strong>stu-</strong></span> 
     </span>
     <span class='ocr_line' id='line_1_47' title="bbox 71 4073 1286 4154; baseline -0.012 -17"><span class='ocrx_word' id='word_1_458' title='bbox 71 4087 147 4152; x_wconf 84' lang='lat' dir='ltr'><strong>dere,</strong></span> <span class='ocrx_word' id='word_1_459' title='bbox 166 4081 478 4154; x_wconf 76' lang='lat' dir='ltr'><strong>lpeomanerlr&#39;tetloaasr</strong></span> <span class='ocrx_word' id='word_1_460' title='bbox 494 4080 694 4146; x_wconf 72' lang='lat' dir='ltr'><strong>apostolicarum</strong></span> <span class='ocrx_word' id='word_1_461' title='bbox 713 4083 860 4136; x_wconf 83' lang='lat' dir='ltr'><strong>auctorem,</strong></span> <span class='ocrx_word' id='word_1_462' title='bbox 887 4075 943 4141; x_wconf 87' lang='lat' dir='ltr'><strong>ipso</strong></span> <span class='ocrx_word' id='word_1_463' title='bbox 961 4074 1046 4137; x_wconf 84' lang='lat' dir='ltr'><strong>facto,</strong></span> <span class='ocrx_word' id='word_1_464' title='bbox 1066 4089 1142 4140; x_wconf 88' lang='lat' dir='ltr'><strong>quarn</strong></span> <span class='ocrx_word' id='word_1_465' title='bbox 1161 4087 1224 4136; x_wconf 88' lang='lat' dir='ltr'><strong>eos,</strong></span> <span class='ocrx_word' id='word_1_466' title='bbox 1243 4073 1286 4139; x_wconf 81' lang='lat' dir='ltr'><strong>qui</strong></span> 
     </span>
     <span class='ocr_line' id='line_1_48' title="bbox 69 4143 1287 4220; baseline -0.011 -14"><span class='ocrx_word' id='word_1_467' title='bbox 69 4156 135 4206; x_wconf 77' lang='lat' dir='ltr'><strong>ritus</strong></span> <span class='ocrx_word' id='word_1_468' title='bbox 153 4155 232 4220; x_wconf 69' lang='lat' dir='ltr'><strong>nujus</strong></span> <span class='ocrx_word' id='word_1_469' title='bbox 252 4153 360 4204; x_wconf 85' lang='lat' dir='ltr'><strong>lormem</strong></span> <span class='ocrx_word' id='word_1_470' title='bbox 381 4165 411 4204; x_wconf 87' lang='lat' dir='ltr'><strong>nc</strong></span> <span class='ocrx_word' id='word_1_471' title='bbox 425 4149 648 4218; x_wconf 76' lang='lat' dir='ltr'><strong>&#39;dispensationem</strong></span> <span class='ocrx_word' id='word_1_472' title='bbox 667 4153 720 4198; x_wconf 88' lang='lat' dir='ltr'><strong>torn</strong></span> <span class='ocrx_word' id='word_1_473' title='bbox 745 4151 867 4196; x_wconf 85' lang='lat' dir='ltr'><strong>accurate</strong></span> <span class='ocrx_word' id='word_1_474' title='bbox 892 4145 1080 4210; x_wconf 83' lang='lat' dir='ltr'><strong>determinant,</strong></span> <span class='ocrx_word' id='word_1_475' title='bbox 1107 4151 1146 4194; x_wconf 83' lang='lat' dir='ltr'><strong>tot</strong></span> <span class='ocrx_word' id='word_1_476' title='bbox 1165 4143 1231 4194; x_wconf 90' lang='lat' dir='ltr'><strong>locis</strong></span> <span class='ocrx_word' id='word_1_477' title='bbox 1248 4143 1287 4192; x_wconf 87' lang='lat' dir='ltr'><strong>ln-</strong></span> 
     </span>
     <span class='ocr_line' id='line_1_49' title="bbox 70 4223 814 4276; baseline -0.016 0"><span class='ocrx_word' id='word_1_478' title='bbox 70 4225 128 4276; x_wconf 84' lang='lat' dir='ltr'><strong>duei</strong></span> <span class='ocrx_word' id='word_1_479' title='bbox 171 4224 237 4276; x_wconf 71' lang='lat' dir='ltr'><strong>setis</strong></span> <span class='ocrx_word' id='word_1_480' title='bbox 254 4223 273 4273; x_wconf 93' lang='lat' dir='ltr'><strong>li</strong></span> <span class='ocrx_word' id='word_1_481' title='bbox 291 4229 346 4273; x_wconf 62' lang='lat' dir='ltr'><strong>oeta</strong></span> <span class='ocrx_word' id='word_1_482' title='bbox 419 4223 420 4228; x_wconf 78' lang='grc'>’</span> <span class='ocrx_word' id='word_1_483' title='bbox 812 4233 814 4238; x_wconf 64' lang='grc'>’</span> 
     </span>
    </p>

    <p class='ocr_par' dir='ltr' id='par_1_10' title="bbox 69 4231 1287 4500">
     <span class='ocr_line' id='line_1_50' title="bbox 129 4231 1286 4360; baseline -0.014 -16"><span class='ocrx_word' id='word_1_484' title='bbox 129 4231 196 4360; x_wconf 62' lang='lat' dir='ltr'><strong>ti-l‘)</strong></span> <span class='ocrx_word' id='word_1_485' title='bbox 216 4235 306 4344; x_wconf 69' lang='lat' dir='ltr'><strong>necin</strong></span> <span class='ocrx_word' id='word_1_486' title='bbox 322 4289 453 4342; x_wconf 79' lang='lat' dir='ltr'><strong>sementia</strong></span> <span class='ocrx_word' id='word_1_487' title='bbox 466 4288 622 4340; x_wconf 74' lang='lat' dir='ltr'><strong>conuiuatus</strong></span> <span class='ocrx_word' id='word_1_488' title='bbox 634 4283 910 4338; x_wconf 77' lang='lat' dir='ltr'><strong>videterl‘enrsool</strong></span> <span class='ocrx_word' id='word_1_489' title='bbox 920 4298 966 4348; x_wconf 86' lang='lat' dir='ltr'><strong>us,</strong></span> <span class='ocrx_word' id='word_1_490' title='bbox 982 4283 1026 4350; x_wconf 83' lang='lat' dir='ltr'><strong>qai</strong></span> <span class='ocrx_word' id='word_1_491' title='bbox 1042 4293 1116 4333; x_wconf 85' lang='lat' dir='ltr'><strong>nsum</strong></span> <span class='ocrx_word' id='word_1_492' title='bbox 1134 4280 1190 4346; x_wconf 84' lang='lat' dir='ltr'><strong>ejus</strong></span> <span class='ocrx_word' id='word_1_493' title='bbox 1209 4279 1286 4346; x_wconf 84' lang='lat' dir='ltr'><strong>paulo</strong></span> 
     </span>
     <span class='ocr_line' id='line_1_51' title="bbox 70 4347 1285 4447; baseline -0.016 -33"><span class='ocrx_word' id='word_1_494' title='bbox 70 4370 128 4447; x_wconf 81' lang='lat' dir='ltr'><strong>post</strong></span> <span class='ocrx_word' id='word_1_495' title='bbox 153 4362 331 4429; x_wconf 59' lang='lat' dir='ltr'><strong>menbrum</strong></span> <span class='ocrx_word' id='word_1_496' title='bbox 357 4366 469 4412; x_wconf 72' lang='lat' dir='ltr'><strong>celetem</strong></span> <span class='ocrx_word' id='word_1_497' title='bbox 490 4359 516 4408; x_wconf 90' lang='lat' dir='ltr'><strong>in</strong></span> <span class='ocrx_word' id='word_1_498' title='bbox 542 4357 680 4412; x_wconf 79' lang='lat' dir='ltr'><strong>ecclesiam</strong></span> <span class='ocrx_word' id='word_1_499' title='bbox 704 4354 879 4406; x_wconf 85' lang='lat' dir='ltr'><strong>introductum</strong></span> <span class='ocrx_word' id='word_1_500' title='bbox 900 4367 957 4404; x_wconf 86' lang='lat' dir='ltr'><strong>esse</strong></span> <span class='ocrx_word' id='word_1_501' title='bbox 977 4359 1067 4419; x_wconf 82' lang='lat' dir='ltr'><strong>putat,</strong></span> <span class='ocrx_word' id='word_1_502' title='bbox 1094 4350 1159 4429; x_wconf 82' lang='lat' dir='ltr'><strong>quod</strong></span> <span class='ocrx_word' id='word_1_503' title='bbox 1184 4347 1285 4428; x_wconf 75' lang='lat' dir='ltr'><strong>quidem</strong></span> 
     </span>
     <span class='ocr_line' id='line_1_52' title="bbox 69 4423 1287 4500; baseline -0.018 -16"><span class='ocrx_word' id='word_1_504' title='bbox 69 4433 195 4500; x_wconf 84' lang='lat' dir='ltr'><strong>Jodicium</strong></span> <span class='ocrx_word' id='word_1_505' title='bbox 218 4431 257 4482; x_wconf 88' lang='lat' dir='ltr'><strong>rei</strong></span> <span class='ocrx_word' id='word_1_506' title='bbox 276 4429 381 4480; x_wconf 86' lang='lat' dir='ltr'><strong>veritati</strong></span> <span class='ocrx_word' id='word_1_507' title='bbox 407 4444 457 4478; x_wconf 90' lang='lat' dir='ltr'><strong>non</strong></span> <span class='ocrx_word' id='word_1_508' title='bbox 484 4428 548 4478; x_wconf 86' lang='lat' dir='ltr'><strong>adeo</strong></span> <span class='ocrx_word' id='word_1_509' title='bbox 569 4427 738 4490; x_wconf 77' lang='lat' dir='ltr'><strong>incongruam</strong></span> <span class='ocrx_word' id='word_1_510' title='bbox 761 4437 818 4474; x_wconf 88' lang='lat' dir='ltr'><strong>esse</strong></span> <span class='ocrx_word' id='word_1_511' title='bbox 840 4423 1010 4484; x_wconf 80' lang='lat' dir='ltr'><strong>arbitramur,</strong></span> <span class='ocrx_word' id='word_1_512' title='bbox 1037 4433 1113 4488; x_wconf 88' lang='lat' dir='ltr'><strong>quom</strong></span> <span class='ocrx_word' id='word_1_513' title='bbox 1132 4431 1189 4481; x_wconf 73' lang='lat' dir='ltr'><strong>epus</strong></span> <span class='ocrx_word' id='word_1_514' title='bbox 1207 4423 1287 4464; x_wconf 78' lang='lat' dir='ltr'><strong>moris</strong></span> 
     </span>
    </p>
   </div>
   <div class='ocr_carea' id='block_1_7' title="bbox 73 4479 1285 4577">
    <p class='ocr_par' dir='ltr' id='par_1_11' title="bbox 73 4479 1285 4577">
     <span class='ocr_line' id='line_1_53' title="bbox 73 4479 1285 4577; baseline -0.02 -22"><span class='ocrx_word' id='word_1_515' title='bbox 73 4501 183 4571; x_wconf 81' lang='lat' dir='ltr'><strong>pradum</strong></span> <span class='ocrx_word' id='word_1_516' title='bbox 202 4511 236 4552; x_wconf 82' lang='lat' dir='ltr'><strong>ee</strong></span> <span class='ocrx_word' id='word_1_517' title='bbox 252 4499 405 4565; x_wconf 64' lang='lat' dir='ltr'><strong>digamum</strong></span> <span class='ocrx_word' id='word_1_518' title='bbox 422 4497 506 4550; x_wconf 70' lang='lat' dir='ltr'><strong>meoli</strong></span> <span class='ocrx_word' id='word_1_519' title='bbox 519 4497 574 4565; x_wconf 70' lang='lat' dir='ltr'><strong>iem</strong></span> <span class='ocrx_word' id='word_1_520' title='bbox 597 4495 704 4549; x_wconf 80' lang='lat' dir='ltr'><strong>secundi</strong></span> <span class='ocrx_word' id='word_1_521' title='bbox 723 4493 882 4564; x_wconf 79' lang='lat' dir='ltr'><strong>terrrporllros</strong></span> <span class='ocrx_word' id='word_1_522' title='bbox 901 4505 951 4544; x_wconf 87' lang='lat' dir='ltr'><strong>non</strong></span> <span class='ocrx_word' id='word_1_523' title='bbox 969 4491 1090 4554; x_wconf 68' lang='lat' dir='ltr'><strong>exiguom</strong></span> <span class='ocrx_word' id='word_1_524' title='bbox 1110 4479 1178 4577; x_wconf 83' lang='lat' dir='ltr'><strong>epod</strong></span> <span class='ocrx_word' id='word_1_525' title='bbox 1195 4483 1285 4534; x_wconf 85' lang='lat' dir='ltr'><strong>ortho-</strong></span> 
     </span>
    </p>
   </div>
   <div class='ocr_carea' id='block_1_8' title="bbox 0 0 1481 4898">
    <p class='ocr_par' dir='ltr' id='par_1_12' title="bbox 0 0 1481 4898">
     <span class='ocr_line' id='line_1_54' title="bbox 0 0 1481 4898; baseline 0 0"><span class='ocrx_word' id='word_1_526' title='bbox 0 0 1481 4898; x_wconf 95' lang='lat' dir='ltr'><strong> </strong></span> 
     </span>
    </p>
   </div>
  </div>
 </body>
</html>
