2944 4898
61 149 64 154 ·
111 97 267 272 yos
359 115 363 119 ’

124 282 501 398 corneorum·-

136 423 193 548 ita
213 421 334 530 &a
380 487 384 504 =

334 631 904 770 jPraofutlo.

128 1023 244 1090 Paucis
264 1029 401 1113 tantum,
424 1025 545 1091 Lector
564 1025 736 1112 benevole,
758 1024 833 1090 volo
854 1025 915 1112 Te,
937 1025 1057 1111 quippe
1080 1025 1252 1094 certiorem

57 1131 109 1210 jam
131 1127 249 1194 iactum
273 1129 313 1195 de
336 1129 435 1215 hujus
459 1130 607 1196 thesauri
629 1135 663 1195 et
686 1129 835 1217 consilio,
858 1127 944 1214 quod
964 1147 1027 1194 non
1044 1131 1158 1216 paucis
1174 1150 1254 1217 pro-

60 1231 147 1298 batum
167 1253 244 1300 csse
268 1253 288 1299 a
311 1235 488 1320 bibliopola
510 1255 582 1300 sum
602 1233 761 1321 edoctus,
789 1239 823 1300 et
844 1233 925 1298 inita
948 1234 1132 1300 rationein
1155 1234 1253 1302 ador·
1375 1299 1378 1306 .

59 1336 153 1402 randis
168 1339 309 1424 singuiis
326 1342 400 1424 ejus
421 1340 581 1426 partibus
604 1339 657 1404 De
674 1339 768 1404 hisco
786 1338 936 1403 nimirum
953 1337 1252 1428 dissertationibus,

60 1460 122 1526 quas
142 1443 293 1529 singulae
316 1443 415 1528 hujus
439 1445 517 1508 tomi
535 1445 678 1530 paginae
697 1443 730 1507 in
748 1461 846 1508 unum
864 1449 986 1529 cogunt
1006 1462 1143 1531 curpuS,
1166 1443 1252 1510 idem

60 1546 159 1635 valere,
179 1547 266 1634 qnod
283 1553 361 1614 ante
380 1547 554 1637 biennium,
576 1567 647 1614 cum
666 1549 786 1634 primus
804 1548 913 1634 operis
929 1548 1029 1633 hujus
1046 1553 1153 1613 tomus
1170 1567 1252 1634 pro-

60 1645 133 1738 diret,
154 1653 312 1718 monitum
336 1659 399 1742 est,
422 1672 477 1728 res
501 1655 573 1742 ipsa
595 1654 755 1744 loquitur,
777 1658 930 1738 repetere
953 1652 985 1718 id
1005 1652 1101 1718 nimis
1120 1653 1251 1740 longum

64 1759 127 1819 esset
143 1762 175 1820 et
198 1758 354 1841 injuriam
376 1759 494 1824 lectori
516 1757 629 1826 iecere
648 1757 725 1822 mihi
746 1755 890 1822 viderer.
935 1755 1037 1824 Suam
1056 1758 1149 1842 ipsae
1171 1775 1252 1822 cou-

59 1873 108 1920 san
141 1865 242 1944 agant
282 1861 571 1928 commentationes
609 1861 704 1926 simul
738 1861 791 1924 hic
820 1861 951 1924 oblatae
980 1877 1127 1947 easque,
1164 1859 1254 1926 uude

60 1963 312 2051 commendentur,
336 1964 458 2032 habere
480 1985 675 2052 persuasum
700 1963 777 2028 mihi
798 1969 870 2050 est,
895 1961 980 2030 freto
999 1965 1055 2030 vel
1077 1964 1157 2030 solis
1179 1965 1252 2030 cia-

58 2065 232 2134 rissimorum
250 2071 395 2136 virorum
416 2071 611 2158 nominibuS,
636 2089 771 2155 quorum
791 2069 851 2134 sub
868 2068 1024 2154 auspiciis
1040 2069 1252 2156 scriptionum

57 2165 95 2233 hic
120 2173 327 2240 collectarum
350 2193 467 2259 agmen
495 2180 529 2240 et
552 2173 680 2240 ducitur
707 2178 742 2240 ct
761 2171 933 2238 clauditur.
985 2171 1059 2238 Duo
1086 2175 1251 2242 monuisse

57 2273 193 2366 sufficiat,
224 2297 344 2364 nempe
376 2279 409 2344 in
442 2279 602 2366 cheri
633 2278 864 2344 commentario
882 2277 969 2365 „,dc
991 2277 1102 2362 rigore
1125 2267 1251 2344 ueteris

57 2381 195 2449 ecclesiae
217 2384 309 2449 circa
332 2379 589 2468 poenitentiam“
612 2383 777 2470 nonnulla,
801 2399 887 2468 quae
911 2381 953 2448 ad
973 2399 1041 2448 rem
1059 2383 1269 2448 necessario

56 2501 102 2548 non
119 2485 282 2575 iacerent,
305 2489 446 2554 maxime
470 2507 488 2553 e
512 2489 657 2552 literario
681 2505 824 2574 genero,
852 2485 906 2551 hic
928 2485 996 2552 illic
1017 2503 1094 2550 esse
1116 2485 1250 2576 omissa,

57 2605 85 2652 ae
98 2594 184 2674 justo
203 2593 337 2678 longius
360 2593 501 2678 spatium
524 2591 718 2680 occuparet,
749 2597 783 2656 et
807 2589 1024 2678 Onuphrii
1045 2587 1251 2656 Panvinii
1346 2601 1351 2612 '

56 2691 172 2761 libellum
188 2717 228 2764 eo
245 2697 346 2764 etiam
362 2697 497 2762 consitio
513 2697 566 2762 hic
584 2716 660 2762 esse
676 2695 868 2785 adhibitum,
885 2703 920 2760 ut
936 2693 1113 2762 lectoribus
1129 2713 1148 2759 e
1165 2713 1250 2780 pon-

57 2796 201 2868 tificiorum
234 2802 361 2868 familia
389 2800 626 2887 quodammodo
649 2800 851 2889 satisfieret,
880 2802 959 2888 licet
979 2797 1163 2884 negandum
1185 2818 1250 2866 non

57 2902 102 2987 s'u,
119 2906 148 2970 in
170 2906 234 2972 hac
255 2905 434 2992 scriptione
455 2924 528 2972 eum
551 2905 734 2972 desiderari
756 2901 925 2994 ἀκριβείαν,
952 2923 1048 2992 quam
1076 2908 1111 2968 et
1131 2921 1245 2970 aemu-

58 3001 138 3074 lantur
175 3011 371 3098 plerumque
401 3017 434 3077 et
465 3015 685 3098 assequuntur
724 3027 789 3074 non
822 3027 897 3073 raro
928 3015 1061 3074 nostroe
1100 3006 1246 3072 familiae

58 3112 224 3196 scriptores.
1036 3129 1042 3140 '
1204 3181 1205 3188 ,

121 3219 213 3284 Anno
233 3219 393 3309 proximo,
414 3220 445 3284 si
466 3239 522 3286 res
540 3219 588 3284 ita
607 3218 727 3306 ferent,
750 3217 942 3304 absolvetur
960 3213 1053 3280 hicce
1071 3214 1248 3282 thesaurus

58 3315 161 3387 edendo
181 3325 282 3390 tertio
302 3327 377 3409 ejus
400 3330 498 3413 tomo,
522 3323 811 3389 commentationes
834 3320 875 3388 de
895 3319 1088 3408 hominibus,
1111 3320 1194 3386 iocis
1214 3324 1249 3385 et

57 3423 133 3490 rebus
149 3429 256 3494 saeris
274 3427 422 3497 oblatura
436 3434 604 3515 tutumque
621 3447 703 3516 opus
720 3427 802 3494 viris
821 3425 939 3514 doctis,
956 3427 989 3490 in
1006 3425 1067 3490 hoc
1081 3424 1248 3490 literarum
1300 3454 1301 3463 κ
1368 3475 1369 3478 ,

58 3543 156 3607 genere
177 3533 410 3622 versantibus,
442 3533 513 3602 sore
536 3539 706 3620 acceptum
729 3548 828 3616 spero
852 3536 886 3596 et
909 3527 1057 3609 confido,

125 3649 314 3723 Scribebam
337 3655 491 3744 Lipsiae,
513 3651 669 3723 Calendis
693 3653 904 3742 Octobribus,
927 3647 1203 3720 MDCCCXLIX.

633 3843 699 3915 M.
722 3841 770 3914 J.
792 3839 845 3912 Ε.
874 3832 1163 3928 volusenum
