2942 4892
326 176 365 236 de
380 174 580 264 reterisecel.
598 174 679 248 drea
694 176 878 262 poenitaoteq
896 174 1008 260 rigore.
1208 178 1275 249 267

9 340 145 404 νσιίιι
176 346 352 416 rennues
380 350 593 418 defendendam
618 352 650 416 iu
676 370 711 414 se
737 350 871 434 sucepit
892 349 1041 418 llenricuo
1065 350 1204 418 lucens
1227 352 1274 440 (io

23 439 108 493 σοι.
137 434 179 494 ad
206 434 343 499 &cratis
362 437 433 502 bist.
453 437 526 502 eccl.
550 439 581 518 ⁵,
606 443 679 519 19).
716 440 824 509 Verum
848 461 935 522 quam
960 459 1104 522 operosus
1128 440 1214 507 etiam
1234 442 1273 506 sit

26 520 138 582 labor
165 543 283 602 eornm,
310 546 396 606 quen
421 531 590 607 probandae
616 548 689 595 auae
713 526 845 608 opinioni
867 528 1054 610 impendunt,
1080 527 1153 590 nibil
1170 531 1273 602 eodem

26 607 209 672 lucrantur
230 611 287 674 riri
310 614 387 676 docti
413 618 557 680 adversas
577 617 698 698 antiqua
713 617 863 683 doctorum
883 617 1069 693 testimonia,
1091 637 1165 698 quae
1185 619 1272 679 modo

26 697 192 776 produxi.
237 699 299 762 lies
320 700 417 766 adbuc
436 702 543 766 clarior
567 713 614 768 est
636 707 672 768 de
691 701 746 766 illa
776 703 807 766 io
826 703 947 768 Oriente
975 701 1113 768 ecclesia.
1149 703 1272 768 Testem

28 786 198 849 babemus
215 786 384 866 Socratem,
410 791 459 874 qui
478 791 548 856 hist.
565 791 640 858 ecel.
658 788 690 868 5,
709 793 758 854 19.
774 801 841 873 pest
857 791 1018 856 Decianum
1037 791 1270 874 persecutionem

27 885 198 955 nataeque
221 875 253 938 in
269 875 399 940 ccclesia
421 880 649 944 Noratianornnr
671 881 771 942 turbae
794 880 984 942 constitutum
1003 880 1097 944 luisse
1123 879 1164 942 ait
1182 899 1270 962 pres-

26 962 185 1042 byterum
203 964 466 1046 poenitentiarium,
482 967 562 1032 bunc
579 969 696 1050 quidem
713 967 744 1028 in
761 966 865 1030 tinem:
891 959 974 1038 ὅπως
995 967 1026 1028 oi
1047 953 1123 1046 perci
1146 955 1181 1028 eri
1206 956 1269 1050 βά-

28 1069 171 1126 πτισμα
187 1050 374 1124 πταίσαντες
388 1052 443 1116 ἐστὶ
460 1054 517 1120 τοῦ
533 1049 776 1138 προβληθέντος
789 1052 907 1116 τοῦτου
922 1053 1141 1140 πρεσβυτέρου
1159 1053 1269 1134 ἐξομο-

31 1130 207 1218 λογῶυται
221 1129 261 1198 τὰ
275 1129 492 1220 ἁμαρτήματα.
539 1145 668 1206 &mam
691 1142 774 1207 addit
791 1142 975 1206 Sonomeuus
997 1142 1063 1206 bist.
1081 1141 1154 1206 eccl.
1169 1143 1200 1218 7,
1220 1143 1269 1208 16.

31 1213 204 1305 φορτικὸν
220 1222 254 1298 ἐξ
269 1221 364 1309 ἀρχῆς
381 1223 503 1310 ἔδοξεν,
527 1227 568 1302 ὡς
585 1229 619 1292 οὐ
635 1219 763 1312 θεάτρῳ
780 1219 842 1292 ὑπὸ
859 1221 993 1313 μάρτυρι
1009 1227 1054 1308 τῷ
1070 1218 1196 1310 πλήθεϊ
1211 1230 1271 1310 τῆς

31 1307 219 1392 ἐκκλησίας
240 1303 302 1385 τὰς’
318 1309 469 1396 ἁρσρτίυσ
491 1312 693 1400 ἐξαγγέλλειν.
731 1321 788 1383 aet
807 1317 899 1398 igitur
917 1317 1065 1398 publicam
1081 1325 1269 1400 peccaterum
1313 1341 1315 1346 ’

35 1399 272 1464 confessionam
297 1402 443 1468 ecclesiae
465 1407 597 1470 moribus
619 1403 778 1486 aliquando
801 1415 947 1486 receptam
962 1405 1074 1484 luisse,
1097 1405 1269 1469 fatebuntur

32 1487 97 1548 viri
116 1487 210 1565 docti,
221 1499 272 1552 aut
289 1502 409 1572 propter
423 1493 507 1573 illud,
528 1495 605 1576 quod
623 1481 773 1576 φορτικὸν
789 1489 822 1564 ἐξ
837 1485 933 1574 ἀρχῆς
950 1485 1047 1572 ilicis,
1065 1495 1269 1574 presbyterum

31 1574 132 1638 illum
160 1577 416 1657 poenitentiarium
442 1582 630 1648 constitutum
650 1579 744 1644 luisse
763 1579 930 1659 negabunt,
955 1581 1035 1662 qood,
1059 1581 1166 1642 diserte
1183 1579 1267 1644 affir-

33 1674 103 1726 mat
124 1663 322 1730 Souomenus.
358 1705 394 1718 --
431 1671 462 1755 6.
480 1672 510 1734 b.
540 1671 615 1735 Rem
633 1666 757 1730 ulterius
776 1665 928 1732 coufirmat
945 1665 1103 1748 Origenes,
1126 1688 1191 1738 enm
1207 1690 1267 1752 pu-

34 1749 126 1815 blice
150 1757 339 1832 aemsaoda,
364 1757 528 1822 confitenda
544 1768 573 1822 et
598 1757 772 1838 exponenda
793 1773 862 1820 eoae
884 1754 925 1818 ait
942 1765 1064 1838 peccata
1080 1758 1174 1820 bonit.
1190 1757 1220 1820 2.
1236 1763 1267 1820 iu

34 1843 158 1905 Paulus.
178 1847 342 1908 XXXVII.
386 1845 520 1922 Quid-ad
536 1847 608 1910 baeu
624 1843 784 1909 Petreius?
807 1844 853 1906 De
869 1843 987 1906 arcanis
1005 1841 1189 1926 occultisque
1206 1845 1265 1908 cri-

33 1928 178 1990 minibus
199 1929 322 2010 Origeui
338 1952 502 1999 sermonem
521 1953 589 1998 esse
613 1934 699 1996 docet
717 1930 761 1996 rir
783 1933 897 1996 doctus.
945 1931 1170 1996 consentientes
1187 1943 1265 1996 cerlo

34 2017 167 2080 babebit
184 2018 362 2082 eruditorum
378 2021 584 2103 paucissimus.
627 2021 666 2082 m
680 2041 834 2102 ponamus,
851 2022 888 2083 de
907 2019 1031 2084 occultis
1049 2020 1166 2084 nonnisi
1182 2021 1265 2092 aeci·
1360 2061 1366 2071 -

34 2106 156 2184 pianda
175 2126 241 2169 esse
255 2105 310 2171 illa
328 2109 478 2191 Origeois.
509 2110 593 2191 Ergo
611 2107 764 2174 criminum
782 2108 963 2180 occultorum
980 2106 1129 2191 publicam
1146 2109 1215 2176 olim
1234 2107 1266 2172 in

35 2192 181 2256 ecclesia
197 2193 413 2260 confessionem
437 2197 616 2275 obtinuisse,
641 2196 710 2260 inde
727 2197 887 2279 colligitur.
931 2197 1038 2262 Verum
1063 2197 1265 2280 exomologesi

37 2303 104 2344 nen
121 2293 266 2364 perpetuo
281 2283 440 2366 legitimum
456 2296 644 2370 peccatorum
664 2285 892 2352 declarationem
909 2307 945 2348 ac
964 2283 1148 2366 singulorum
1169 2307 1264 2368 eupo-

37 2370 201 2449 sitionem,
227 2374 279 2434 sed
306 2393 369 2436 eam
397 2375 567 2457 plerumque
591 2373 804 2455 professionem
826 2371 954 2454 intelligi
986 2373 1044 2452 ait,
1074 2393 1150 2456 quae
1174 2373 1264 2436 factis

35 2458 118 2540 ipsis
134 2458 399 2540 aepneniunnum
417 2463 540 2542 olbeiie,
564 2460 682 2542 publico
709 2481 812 2542 nempe
842 2481 942 2524 eorum
965 2458 1063 2540 luctu,
1088 2459 1191 2534 bumili
1216 2459 1265 2526 sui

36 2545 142 2628 ipsius
168 2547 349 2630 abjectione,
376 2549 602 2626 lamentatione,
629 2548 845 2630 supplicatione
867 2548 992 2632 aliisque
1018 2547 1123 2614 ciliciis
1151 2552 1263 2629 edatur,

36 2647 132 2716 atque
147 2633 205 2696 hoc
221 2635 317 2717 ipsum
337 2638 432 2704 luisse
450 2637 612 2716 contendit,
632 2649 753 2717 peccata
769 2636 887 2718 publice
907 2636 1049 2703 confiteri.
1083 2637 1151 2700 Non
1172 2660 1262 2722 nege,

35 2721 100 2785 hcc
115 2723 263 2786 interdum
276 2745 388 2804 ¹eeosrr,
405 2738 437 2790 ut
454 2747 556 2790 omues
573 2723 782 2806 complectatur
798 2724 996 2806 poenitentiae
1012 2725 1150 2806 publicae
1166 2736 1262 2805 aetus,

36 2803 265 2900 ἐξομολόγησιν
279 2815 415 2896 antiquio
433 2815 533 2889 venire
556 2811 736 2876 doctoribus.
781 2812 820 2874 At
838 2834 906 2876 rere
925 2814 993 2876 dum
1015 2815 1105 2875 rerba
1122 2813 1261 2895 Origenis
1354 2887 1361 2902 ὗ

37 2901 118 2960 adeo
137 2897 196 2960 lato
213 2909 313 2980 patere
332 2904 418 2966 docet
429 2901 578 2976 Petaviue,
595 2911 701 2964 temere
719 2902 843 2962 eundern
857 2897 911 2962 illa
926 2899 1070 2962 invertere
1090 2909 1118 2962 et
1134 2903 1171 2962 ad
1188 2921 1260 2964 eeu·

38 2986 176 3064 tentiam,
187 3007 273 3068 quam
289 2991 384 3054 semel
399 2990 545 3073 propriam
564 2988 621 3050 sibi
638 2987 718 3065 lecit,
734 2987 835 3068 inique
852 2989 1035 3068 detorquere,
1053 3007 1153 3050 omnes
1171 2989 1260 3072 aequi

39 3074 84 3137 rei
113 3074 434 3142 aestimatores-facile
461 3077 650 3161 perspiciunt.
690 3072 838 3156 Reliqua,
864 3074 971 3156 quibus
996 3096 1069 3138 suae
1096 3077 1259 3142 sententiae

36 3162 227 3248 autoritatem
252 3165 413 3230 conciliare
437 3173 578 3243 conatur,
604 3161 737 3228 consulte
764 3173 926 3243 praetereo.
971 3164 1046 3226 Rem
1071 3185 1184 3226 omnem
1203 3166 1259 3228 eb-

37 3257 147 3314 seurat
163 3252 362 3317 confessionis
380 3254 509 3336 priuatae
526 3252 634 3316 studio.
658 3251 820 3334 nequiores
836 3251 957 3332 proinde
973 3249 1124 3333 Rigaltius
1141 3262 1170 3316 et
1187 3252 1259 3314 Me-

35 3341 126 3402 riuus
153 3349 182 3402 ct
199 3340 425 3424 Albaspinaens,
443 3343 493 3425 qui
516 3342 561 3420 (in
582 3343 713 3408 ebone.
736 3343 769 3402 de
783 3351 864 3402 oeten
888 3343 1017 3404 corbeiae
1032 3344 1131 3404 ritibus
1147 3339 1177 3414 2,
1194 3339 1259 3419 26.)
1374 3411 1377 3418 ,

37 3431 122 3490 huuc
141 3449 269 3492 errorem
286 3439 367 3494 octat
390 3441 418 3494 ct
437 3439 555 3494 strenue
578 3429 740 3510 impugnat.
778 3429 856 3499 ldem
874 3428 937 3490 fere
955 3428 1058 3510 repetit
1076 3428 1121 3504 (in
1140 3439 1197 3490 not.
1221 3431 1260 3490 nd

38 3513 264 3580 Tertullianum
287 3521 320 3581 do
343 3525 446 3600 poenit.
464 3520 509 3597 9.)
534 3517 584 3582 ubi
611 3517 697 3580 etiam
720 3519 757 3578 de
781 3517 998 3596 exomologesi:
1032 3524 1107 3590 Dum
1131 3517 1260 3594 pluribus

37 3607 187 3679 duamur,
211 3609 277 3687 quid
290 3613 327 3669 eit
343 3611 540 3686 momenque
555 3607 733 3686 paratiusque
749 3607 909 3684 probemus,
932 3612 1003 3666 cutio
1019 3615 1076 3668 tum
1093 3609 1144 3665 erit
1159 3605 1258 3684 dicere,

37 3714 89 3773 per
105 3713 168 3754 eom
183 3696 382 3770 confessionum
398 3697 583 3758 concuterent
599 3713 655 3754 non
671 3695 795 3770 intelligi.
822 3727 865 3736 -
894 3692 922 3774 §.
941 3693 971 3754 6.
991 3691 1098 3756 Verum
1115 3699 1182 3770 post
1199 3689 1257 3752 im·

40 3798 156 3842 manem
173 3780 254 3844 illam
269 3782 355 3844 llecii
372 3782 402 3844 in
420 3779 603 3844 Christianos
619 3779 800 3861 tyrannidem
818 3789 963 3859 natosque
982 3777 1088 3858 quibus
1112 3797 1265 3858 concussa

38 3867 97 3930 fnit
114 3877 175 3930 teta
191 3869 254 3932 lere
272 3868 636 3934 ecelesiaNoratianerurn
652 3876 759 3946 metue,
775 3869 947 3930 decurrente
961 3865 1021 3948 jam
1037 3865 1116 3928 ultra
1130 3865 1257 3930 medium

41 3977 104 4018 see.
121 3955 185 4030 lll,
201 3957 230 4018 in
248 3965 390 4038 petentum
406 3956 511 4020 mamni
524 3955 619 4036 coepit
634 3953 665 4016 iu
679 3953 811 4033 Oriente,
826 3974 901 4036 quac
917 3964 1004 4016 autea
1018 3951 1137 4034 publica
1152 3953 1258 4034 luerat,

40 4053 230 4126 peccatorum
249 4046 409 4110 confessio.
446 4046 531 4123 Quae
548 4041 628 4122 dixi,
651 4043 768 4107 abunde
786 4041 937 4104 confirmat
953 4061 1009 4104 sun
1025 4042 1180 4106 autoritate
1197 4043 1257 4106 So-

41 4143 157 4210 crates,
177 4133 228 4215 qui
245 4135 326 4214 (bist.
345 4133 418 4198 eccl.
433 4129 466 4210 5,
486 4132 549 4211 tu.)
574 4130 606 4192 iu
623 4127 759 4192 ecclesiis
782 4128 912 4210 siugulis
932 4131 1132 4210 presbyterum
1152 4131 1257 4212 poeni-

41 4220 210 4284 tentiarium
227 4223 418 4292 coustitutum
432 4219 527 4282 inisse
544 4216 656 4294 scribit,
674 4215 766 4280 virum
785 4238 888 4298 nempe
905 4209 1063 4298 ἕχέμυθόυ
1082 4241 1114 4280 τι
1131 4214 1183 4279 καὶ
1201 4217 1256 4296 ἔμ-

42 4327 159 4392 φρονα,
184 4311 263 4391 qnod
278 4311 359 4374 addit
378 4310 562 4373 Sonomeous
586 4305 666 4387 (bist.
685 4304 758 4369 eccl.
773 4305 805 4382 ⁷,
826 4305 889 4385 16.)
909 4307 947 4374 ad
967 4325 1051 4386 quem
1071 4308 1256 4384 accedentes,

42 4397 91 4480 qui
116 4407 185 4478 post
208 4398 382 4480 baptismum
399 4396 608 4481 deliquerant,
633 4401 720 4462 actus
742 4413 813 4458 sues
834 4393 1041 4470 confiterentur
1067 4393 1175 4475 quique
1201 4410 1255 4472 pro

90 4498 157 4541 ruse.
171 4499 275 4551 antiquitt.
288 4501 360 4546 clunist.
371 4501 401 4546 Π·
409 4509 432 4549 2.
1012 4499 1054 4562 17
