2942 4892
207 229 276 298 ιιι
637 227 743 298 uua
774 227 887 297 enoc
901 227 997 314 noyer

128 428 136 442 ι
209 398 489 481 hiateoel.h,10.
531 402 687 468 metonae
703 403 795 486 hujus
820 391 984 486 exemplum
1005 401 1093 486 paulo
1112 409 1178 484 post
1195 409 1316 466 secutos
1334 401 1427 466 fuisse

212 493 339 558 annium
357 491 420 554 lere
442 489 635 556 eeclesiarum
665 491 839 574 episcopos,
867 494 975 556 diserte
1001 490 1128 554 affirmat
1155 490 1343 554 sozomenus
1363 491 1426 553 hist.

211 581 332 658 eccll,
352 580 400 640 16.
445 579 539 642 Facta
559 582 633 642 adeo
666 579 848 646 memorabili
874 601 971 644 rernm
1003 578 1213 657 conversione,
1241 579 1370 650 multum
1398 581 1428 640 de

209 670 396 751 antiquorum
422 668 529 730 rituum
555 667 727 747 severitate,
754 669 875 732 multum
898 671 934 732 de
957 670 1102 749 graduum
1122 667 1223 747 rigore
1245 666 1383 730 decessit
1404 667 1429 728 in

212 757 342 822 Orientis
366 755 503 820 ecclesiis
523 764 567 834 et,
593 756 642 837 qui
664 757 805 836 religiose
824 759 977 840 hueusque
1002 767 1137 820 servatus
1155 755 1269 830 luerat,
1296 757 1337 816 ad
1364 754 1429 816 illas

211 843 432 924 exomologesis
448 850 477 904 et
492 844 703 908 satisfactionis
722 855 860 908 externae
876 845 962 926 leges
980 844 1075 926 lapsis
1095 845 1191 922 trium,
1216 852 1348 924 quatuor
1366 841 1430 923 pln—
1460 841 1461 898 l

209 934 324 996 rinmve
348 951 491 997 annorum
517 931 724 1010 poenitentiam
748 933 900 1013 infligendi
928 954 991 996 mos
1016 933 1047 994 in
1072 932 1110 996 iis
1135 933 1260 994 subinde
1288 927 1430 994 exolevit

107 1029 112 1034 '
211 1025 283 1084 Solo
297 1022 564 1099 confortansque
578 1022 654 1099 opud
664 1027 755 1082 Deum
769 1021 837 1098 pit,
826 1043 858 1084 ιιι
874 1041 953 1103 quem
965 1025 1057 1084 solum
1071 1031 1220 1101 ιιιιιιιιιιιι,
1238 1029 1430 1100 peecatorum

211 1107 414 1170 remissionem
426 1106 561 1184 obtineri,
579 1107 621 1168 ait
631 1107 759 1172 loannes
767 1108 1007 1210 chrysostomos,
1027 1105 1121 1173 obviis
1135 1108 1202 1172 hinc
1218 1117 1247 1172 et
1261 1105 1336 1171 inde
1354 1110 1429 1189 apel

211 1198 336 1260 eundern
351 1186 440 1276 hujus
457 1193 501 1256 rei
519 1195 705 1259 testimoniis.

297 1282 334 1344 ll
351 1281 381 1348 3
412 1281 464 1344 De
489 1281 717 1364 discipline
739 1283 945 1348 eeclesiae
966 1279 1236 1348 occidentalis
1261 1282 1428 1363 primun

210 1369 516 1451 Hispaniensis.
561 1370 590 1454 ξ.
611 1373 640 1434 1
673 1372 721 1434 Ex
741 1371 871 1435 Orientis
895 1372 1032 1436 ecclesiis
1057 1372 1089 1434 in
1124 1369 1192 1434 illas
1218 1373 1380 1434 Occidentis
1405 1381 1430 1434 et

149 1509 150 1512 ,
188 1459 191 1476 ⁵
210 1458 343 1562 primum
354 1458 499 1539 quidem
490 1479 520 1518 ιι
536 1464 738 1540 Hispanienses
761 1459 971 1538 convertimur,
1000 1479 1074 1543 quoe
1095 1459 1251 1522 severitate
1268 1457 1299 1522 in
1316 1459 1427 1541 lapsos,

208 1548 241 1608 in
257 1545 440 1628 poenitentes
458 1545 557 1626 rigore
571 1546 742 1612 Occidentis
757 1547 913 1627 ecclesias,
929 1547 987 1610 nisi
1004 1559 1118 1612 ceteras
1135 1567 1246 1625 omnes,
1262 1556 1346 1610 certe
1363 1547 1428 1609 illa·

210 1655 275 1698 rum
308 1633 448 1716 plurimas
479 1655 637 1716 superasse
661 1636 803 1698 dicendae
830 1647 909 1698 sunt.
941 1637 1059 1702 Statim
1084 1657 1150 1698 cunr
1175 1656 1237 1698 see.
1261 1633 1311 1698 lv.
1346 1615 1462 1698 ἰιίιίι

210 1723 347 1786 Moe
338 1743 370 1784 ιιι
385 1721 542 1784 concilium
545 1725 648 1804 ,quod
665 1722 879 1788 illiberitanum
897 1723 1006 1799 dicunt,
1022 1723 1184 1805 Hispaniae
1199 1726 1339 1787 doctores
1357 1739 1427 1785 con-

210 1811 329 1892 gregati
345 1810 462 1874 luerunt
479 1819 508 1874 et
522 1771 559 1872 dh
575 1814 778 1876 conservanda
791 1811 884 1874 hdei'
876 1813 1044 1892 rntegritate
1061 1832 1127 1874 enm
1141 1811 1216 1874 vitae
1231 1811 1425 1872 sanctimonia
1461 1797 1462 1902 l

211 1899 339 1962 consilia
362 1899 516 1975 ineuntes,
539 1897 716 1980 disciplinae
739 1899 910 1964 austeritate
931 1901 1006 1962 intre
1024 1899 1101 1979 legis
1118 1897 1299 1962 christianae
1318 1897 1462 1960 limites

210 1987 404 2048 continendos
424 2004 493 2048 esse
517 1989 723 2063 decreverant,
750 2009 799 2089 qur
792 1987 966 2068 proclives
983 1987 1126 2052 baberent
1140 1989 1177 2048 ad
1198 1986 1424 2068 delinquendum

162 2086 165 2090 ’
209 2073 336 2136 unimus.
381 2071 525 2136 Duriores
549 2072 619 2134 binc
637 2033 776 2136 mnditi'
767 2095 799 2136 ιι
818 2074 870 2138 illo
893 2075 1012 2138 Petrum
1038 2094 1182 2138 consessu
1203 2076 1240 2136 de
1267 2074 1424 2155 disciplina

210 2177 358 2236 canones,
380 2158 431 2240 qui
448 2158 542 2240 lapsis
559 2159 591 2220 in
607 2160 739 2238 crimina,
762 2163 921 2244 praecipue
938 2163 1085 2244 graviora,
1108 2181 1232 2244 poenam
1248 2172 1424 2244 proponunt,

210 2269 271 2312 non
285 2246 461 2321 secularem,
479 2246 530 2328 qui
546 2247 752 2330 poenitentiam
769 2249 808 2312 iis
824 2249 976 2331 imponunt
994 2271 1053 2312 non
1069 2249 1321 2330 circumscriptam
1340 2250 1423 2315 certis

209 2357 354 2402 annornm
375 2335 522 2409 terminis,
548 2357 648 2400 verum
673 2336 724 2418 qui
741 2345 913 2418 perpetuam
936 2360 1032 2402 rerum
1058 2358 1209 2402 sacrarum
1233 2337 1423 2419 privationem

208 2425 248 2487 iis
267 2426 415 2486 minentur
433 2432 461 2486 et
478 2425 693 2502 communionis
710 2428 930 2508 recuperandae
946 2447 1027 2508 spem
1052 2425 1089 2486 iis
1105 2446 1220 2488 omnem
1238 2435 1265 2488 et
1285 2435 1423 2506 expecta·

120 2506 122 2511 ¹
211 2512 319 2576 tionem
346 2511 561 2592 poenitentibus
586 2513 689 2590 etiam,
715 2513 803 2576 etia'm
827 2515 992 2588 morituris,
1021 2513 1202 2594 praecidunt.
1247 2513 1339 2576 Certe
1360 2513 1422 2594 quid

209 2599 315 2662 durius
335 2598 529 2680 acerbiusque
547 2599 708 2680 excogitari
731 2611 846 2682 poterat
864 2601 911 2680 iis,
929 2621 1005 2682 quae
1024 2601 1109 2664 toties
1129 2599 1249 2682 repetita
1266 2599 1423 2680 leguntur:

208 2709 245 2750 aa
261 2694 292 2750 ta
306 2687 361 2763 fiac
376 2693 591 2750 oomnruatoucrn
607 2695 747 2768 comparo,
766 2698 796 2752 et
815 2690 922 2771 quibus
939 2709 1026 2752 sunm
1041 2687 1115 2750 illud
1136 2700 1296 2752 extremum
1315 2706 1423 2750 censu-

209 2796 262 2838 rae
288 2773 510 2838 eoclesiasticae
535 2796 632 2856 genas
655 2796 785 2840 canones
809 2777 997 2858 exprimenti
1040 2775 1129 2838 Hunc
1148 2775 1282 2855 rigorem,
1302 2775 1423 2854 experti,
1462 2793 1463 2850 ι

205 2865 262 2945 qni
277 2873 345 2945 post
360 2863 533 2944 baptismum
551 2865 587 2925 ad
604 2861 748 2926 idolorum
764 2865 872 2946 templa
888 2863 1089 2928 sacrificantes
1105 2873 1310 2941 arcesserant,
1329 2865 1423 2940 tinui-
1462 2869 1463 2874 ’

207 2973 269 3025 uae,
286 2953 336 3033 qui
353 2951 485 3013 doctrina
502 2951 660 3014 christiana
676 2951 778 3016 inbuti
795 2964 862 3034 post
877 2953 1014 3032 baptismi
1031 2950 1183 3032 lavacrum
1195 2951 1423 3028 immolaverant,

209 3059 310 3140 porro,
335 3038 385 3141 pai
402 3037 479 3100 lilius
497 3059 570 3102 suas
589 3039 743 3120 gemilium
761 3040 965 3104 sacerdoribus
981 3039 1177 3115 elooaverant,
1203 3038 1257 3121 qui
1272 3037 1424 3119 privignas

208 3125 242 3188 in
265 3127 478 3188 matrimonium
501 3129 659 3204 duxerant,
681 3127 734 3209 qni
742 3128 974 3230 geminaverant
991 3138 1042 3190 aut
1061 3127 1281 3208 triplicaverunt
1300 3127 1423 3200 seelera,

207 3215 308 3278 addito
326 3211 475 3276 homicidii
495 3222 524 3276 et
540 3175 689 3280 moechiae
708 3215 828 3278 crimine
845 3213 893 3278 vel
908 3237 959 3298 ιιιιι
952 3213 1113 3294 'aliorsum
1134 3214 1261 3318 turpium
1278 3212 1349 3278 item
1367 3215 1423 3276 eri-

73 3317 100 3354 ἰ
209 3303 321 3364 minum
323 3295 455 3382 culpam
471 3301 530 3364 sibi
547 3313 825 3366 conuexerant—
782 3302 877 3386 --§.
894 3305 925 3364 2.
948 3304 1015 3368 Nou
1033 3302 1191 3406 equidem
1182 3322 1300 3382 ignoro,
1319 3301 1423 3383 agitari

207 3389 286 3452 inter
302 3391 457 3467 doctores,
489 3389 538 3471 qui
557 3411 688 3454 canones
712 3391 800 3473 hujus
824 3389 943 3454 concilii
961 3389 1177 3455 commentariis
1198 3389 1408 3454 illustrare
1369 3411 1423 3470 ag-

209 3477 307 3559 gressi
326 3488 411 3555 snnt,
436 3479 682 3556 controversiam,
707 3499 765 3560 quo
788 3479 858 3540 illa:
881 3501 916 3540 ce
938 3485 969 3542 ia
986 3480 1041 3556 tiae
1059 3484 1275 3542 comumatoucra
1291 3485 1422 3559 occipere,

206 3587 301 3630 sensu
318 3564 489 3646 accipienda
509 3567 588 3628 sint‘l
630 3566 725 3640 Sunt,
746 3566 797 3646 qui
817 3564 1022 3630 eucharistiam
1043 3573 1163 3643 tanturn,
1188 3575 1266 3640 sunt,
1286 3565 1337 3646 qui
1360 3585 1422 3628 cnm

207 3653 387 3716 eucharistia
403 3673 516 3716 ornnem
532 3651 618 3716 simul
637 3613 852 3716 absolutionem
868 3655 1041 3736 seniumque
1057 3664 1195 3734 negatam
1211 3653 1307 3732 luisse
1324 3653 1423 3716 dicunt

206 3741 256 3817 iis,
273 3741 304 3802 in
320 3762 403 3824 quos
401 3741 602 3830 anathematis
618 3742 730 3804 inhneu
746 3744 819 3806 adeo
837 3743 1012 3806 horrendum
1025 3741 1189 3822 Hispaniae
1200 3727 1306 3805 Patres
1324 3741 1422 3804 vibra-

193 3839 321 3890 ·veraut.
356 3825 433 3892 At
411 3849 480 3891 voro
497 3828 526 3891 si
545 3829 589 3891 vel
607 3830 732 3892 mxime
751 3829 904 3895 criminum
923 3829 1008 3894 venia
1026 3827 1202 3894 excludendi
1221 3849 1279 3890 non
1295 3828 1422 3892 fuissent

208 3915 423 3993 paenitentes
411 3937 472 3997 Jom
495 3917 676 3994 moribundi,
699 3919 804 3980 summi
824 3928 921 3980 tamen
943 3917 1052 3998 rigoris
1071 3927 1143 3995 erat,
1166 3915 1366 3998 postveniam
1385 3916 1420 3976 iis

161 4065 164 4072 ,
208 3999 351 4064 indultam
368 4004 562 4068 audiaristiae
579 4006 782 4068 communione
799 4025 851 4068 eos
867 4005 898 4066 iu
916 4017 1006 4068 morte
1021 4003 1162 4068 babuisse
1177 4003 1327 4084 indiguos.
1357 4005 1421 4067 Hoc

210 4087 297 4151 etiam
313 4089 389 4152 inter
403 4091 462 4154 alia
477 4092 642 4156 severitatis
658 4093 791 4174 enernplo
807 4103 957 4174 permotus
972 4092 1129 4173 aliquando
1147 4091 1259 4154 Caesar
1275 4091 1420 4156 Batonius

76 4251 82 4262 ι
207 4177 312 4239 Patres
330 4177 420 4258 hujus
439 4199 522 4242 cene.
539 4180 694 4263 Novatiani
711 4182 822 4246 erroris
836 4179 910 4244 fines
926 4179 992 4242 suis
1016 4180 1143 4242 decretis
1162 4177 1300 4260 attigisse
1317 4179 1420 4242 existi·

208 4263 298 4328 nnita
319 4285 413 4345 eoque
432 4267 548 4330 nemina
567 4253 603 4330 de
619 4269 685 4349 ejas
701 4270 856 4334 actoribute
871 4267 1005 4332 nonnihil
1021 4267 1147 4330 detraxit
1169 4265 1224 4350 (nd
1238 4288 1309 4330 ιιι.
1321 4271 1420 4328 Lvrt.

205 4375 237 4416 an
256 4354 343 4434 121.)
363 4351 499 4432 quamvis
517 4353 696 4418 retinendum
712 4377 772 4418 non
790 4356 839 4434 sit,
862 4365 967 4438 postea
981 4365 1116 4420 mutasse
1132 4356 1308 4420 senteutiam
1329 4354 1419 4418 virum

9 4507 15 4536 ,
100 4439 102 4444 ’
207 4442 324 4506 doctum
338 4449 379 4522 ιι
397 4436 573 4522 discipliuae
591 4441 680 4522 huius
693 4443 879 4510 severitatem
899 4441 973 4508 eocl.
988 4441 1127 4526 ιιιίιιιιιι
1143 4441 1275 4508 moribus
1291 4453 1418 4506 cousen-
