2944 4890
7 13 352 32 —--—¹·-

230 207 295 272 see
668 192 774 270 xum.
799 185 872 267 'stu
887 199 1011 267 seua

231 379 264 444 S.
281 378 480 460 Scriptorum,
503 395 589 458 qnam
607 375 738 458 alio'qoin
755 379 791 439 ad
810 377 993 442 traditionem
1009 391 1151 459 quaerere
1169 381 1197 436 ct
1212 369 1351 435 menites
1372 367 1429 431 itu-
1464 378 1465 468 p

230 489 295 530 rum
313 469 428 548 eripere
445 463 573 546 gentiles
593 483 651 526 nou
668 465 843 546 potuissent.
1464 479 1465 500 ³

316 555 373 634 20)
389 555 492 614 Fidem
507 552 597 635 hujus
613 553 657 615 rei
671 553 743 614 iacit
758 553 843 615 nobis
860 559 992 634 apertum
1004 551 1103 633 Optati
1114 547 1217 612 Milev.
1235 545 1430 618 testimonium,

230 641 281 724 qni
301 641 343 722 (3,
361 641 404 720 8.)
423 644 662 719 automedonta,
680 640 784 722 inquit,
803 643 905 723 tempta
921 647 972 702 Dei
987 647 1042 702 uiui
1057 641 1217 712 subuertere,
1235 639 1287 698 aa
1305 637 1431 696 christun
1464 625 1465 692 i

230 751 347 806 uapore,
380 731 431 790 atii
456 733 527 808 tepea
548 731 660 802 diuinam
686 732 836 792 incendere.
875 727 920 790 Eo
945 749 1041 808 nsque
1068 727 1144 789 eninr
1169 723 1313 806 processit
1336 721 1432 800 impius

230 827 450 898 persecutorum
466 817 561 894 furor,
578 826 611 877 ut
626 816 711 878 ctiam
728 816 909 878 concitarent
925 836 1026 877 eorum
1044 815 1170 895 aliquos,
1188 812 1237 894 qni
1254 809 1433 880 tradideram,

230 925 288 984 quo
311 905 368 984 ipsi
391 904 423 964 in
446 904 546 984 ignem
570 925 655 965 sacra
679 903 826 966 uolumina
845 905 999 966 mitterent.
1044 901 1204 984 Speciatim
1222 902 1251 960 id
1272 901 1309 961 de
1327 897 1434 961 Victore
1464 897 1465 928 ³

229 991 446 1052 Rusiccadensi
472 991 605 1053 adfirmat
622 993 807 1068 Augustinus
835 995 952 1070 (eontra
971 995 1145 1053 &aeonium
1165 993 1305 1050 Donatiot.
1330 983 1361 1058 3,
1378 983 1434 1058 27.)

230 1091 258 1138 et
284 1080 360 1139 aiios
385 1080 471 1139 etiarn
497 1078 617 1140 Africae
642 1079 798 1160 episcopos
823 1080 910 1161 hujus
937 1079 1067 1140 criminis
1089 1097 1107 1139 a
1129 1075 1310 1151 Donatistis,
1337 1080 1434 1132 temere

229 1165 299 1227 licet
324 1165 510 1236 insinmiatos
533 1165 647 1244 fuisse,
673 1167 840 1230 observavit
857 1167 1023 1228 Psanneres
1049 1166 1180 1250 (obsera.
1198 1167 1232 1225 ds
1249 1162 1434 1225 traditoribus

229 1251 257 1334 ξ.
277 1255 306 1314 5.
327 1277 355 1333 ρ.
372 1255 435 1332 237
451 1257 507 1333 es.)
531 1275 596 1315 carn
620 1265 716 1316 tamen
733 1254 793 1334 ipsi
811 1253 907 1335 potius
924 1255 1095 1316 Donatistae
1113 1253 1143 1313 in
1159 1253 1265 1332 oppido
1282 1241 1433 1328 Bagaiensi

230 1341 347 1402 codices
365 1363 480 1422 quoque
500 1355 618 1402 sanctos
636 1343 666 1403 in
689 1343 788 1422 ignem
807 1341 924 1403 misisse
943 1346 980 1404 ab
999 1340 1145 1424 episcopis
1162 1336 1319 1400 cattholicis
1336 1334 1435 1396 fuerint

230 1429 366 1490 conacti.
412 1428 562 1491 Fortassis
582 1450 646 1490 ourn
665 1428 722 1491 hac
742 1431 807 1510 ipsa
825 1428 980 1492 traditione
1006 1443 1094 1510 atquc
1113 1428 1267 1490 exustione
1286 1425 1436 1504 conjuncta
1465 1426 1466 1442 ¹

230 1537 346 1598 qnoque
372 1515 429 1576 fuit
455 1516 564 1578 Christi
593 1517 710 1597 negatio
737 1528 787 1578 aut
814 1519 990 1581 exsecratio.
1035 1517 1123 1578 Certe
1143 1509 1207 1596 ]um
1238 1510 1435 1593 antiquissimo
1465 1543 1466 1554 ο

230 1615 358 1684 ternpore
378 1605 500 1684 petitam
523 1605 619 1666 tuisse
646 1605 790 1686 ejusmodi
814 1605 1045 1667 exsecrationem
1066 1602 1176 1665 Christi
1198 1605 1234 1664 ab
1253 1601 1348 1680 ipsius
1372 1617 1435 1659 cen·
1465 1609 1466 1650 t

229 1691 405 1770 fossoribus,
428 1693 553 1754 ostendit
572 1693 698 1773 epistota
717 1692 862 1754 ecciesiae
882 1692 1070 1774 Smyrnensis
1090 1693 1126 1752 de
1145 1689 1283 1770 martyrio
1303 1687 1337 1749 S.
1354 1686 1435 1766 Poty·

229 1779 310 1858 carpi
337 1781 428 1859 (apud
447 1780 622 1842 Ruiuartum
640 1787 669 1858 in
686 1785 764 1842 Actis
781 1791 894 1856 rrrurtpr.
910 1788 1010 1842 uincor.
1027 1801 1055 1860 p.
1073 1779 1140 1876 38.)
1158 1778 1188 1838 in
1207 1797 1265 1858 qna
1284 1772 1435 1854 proconsul

229 1865 423 1948 Polycarpum
455 1867 496 1928 ita
522 1867 718 1949 europeilasse
742 1867 865 1932 dicitur:
896 1857 1082 1948 λοιδόρησοο
1104 1885 1160 1927 τοο
1181 1855 1338 1946 Χριστὸν,
1373 1871 1436 1922 eru
1465 1881 1466 1884 ¹

228 1957 345 2015 dimitto.
391 1955 502 2015 Eodem
523 1959 607 2016 modo
628 1956 714 2016 etiarn
735 1956 848 2017 Plinius
868 1955 1020 2017 notissima
1037 1953 1089 2016 itia
1106 1955 1144 2015 ad
1162 1953 1328 2034 Trajanum
1347 1946 1436 2022 refert,

227 2048 392 2121 repetiisse,
409 2051 440 2100 ut
457 2045 609 2103 Gioristiarri
624 2047 815 2105 maledicerent
834 2046 951 2106 christo.
982 2042 1112 2103 Dubium
1127 2040 1220 2122 igitur
1235 2039 1285 2102 vix
1303 2048 1357 2110 est,
1375 2036 1435 2117 quin

229 2128 314 2188 ctiam
333 2149 351 2188 a
369 2128 587 2205 Traditoribus,
604 2129 630 2188 si
647 2152 704 2191 non
721 2131 865 2208 emidius,
882 2130 1031 2212 aliquibus
1049 2141 1145 2201 tamen
1162 2138 1190 2190 et
1204 2127 1242 2189 iis
1259 2125 1435 2217 praesertim,

230 2214 279 2296 qui
297 2213 352 2293 ipsi
371 2215 534 2293 scripturas
551 2216 709 2278 incendere
725 2219 914 2297 cogebantur,
932 2219 1008 2279 idem
1024 2218 1113 2279 inerit
1127 2215 1317 2298 postulatum.
1351 2212 1435 2292 Optn-

230 2310 278 2362 tns
296 2314 374 2363 certe
392 2299 582 2364 Miieuitanus
602 2306 783 2387 conjungere
799 2307 856 2368 ista
873 2307 986 2367 ridetur
1001 2304 1068 2367 ioco
1086 2327 1154 2366 mox
1172 2303 1278 2378 citato;
1306 2311 1335 2363 et
1350 2298 1436 2378 inagis

230 2391 326 2451 adhoc
344 2389 515 2453 confirmare
529 2393 683 2456 Duicetius
700 2408 831 2474 praeses,
849 2397 885 2456 ad
899 2394 955 2456 SS.
969 2397 1103 2475 Agapem
1121 2391 1273 2454 Chionium
1291 2401 1319 2450 st
1331 2389 1435 2449 lrenem

230 2477 385 2559 inquiens:
410 2501 522 2560 oramque
539 2483 575 2542 ud
594 2484 756 2544 hodiernum
774 2485 845 2543 diem
855 2485 955 2561 jussae
972 2505 990 2543 a
1007 2487 1185 2543 stationariis
1203 2501 1236 2541 uc
1250 2483 1353 2558 prirnis
1370 2479 1436 2536 uriti-

229 2571 318 2638 titrue,
340 2569 442 2627 dienati
459 2575 629 2646 nepotianum
647 2578 779 2650 scriptam
796 2570 937 2649 profiteri,
960 2571 1053 2645 faeere
1070 2572 1098 2630 id
1115 2575 1261 2640 recusatie;
1282 2575 1399 2645 propter
1412 2583 1437 2622 ar

228 2673 333 2732 poenas
347 2657 423 2713 uobis
440 2657 540 2731 dipnoe
555 2664 670 2735 aecipite
688 2661 750 2738 (ap.
767 2657 942 2718 Ruiuartum
960 2677 988 2736 p.
1002 2657 1101 2736 394).
1146 2655 1249 2716 Saitim
1266 2651 1343 2713 ittoo
1363 2669 1437 2711 nemo

229 2753 336 2800 teroere
355 2739 542 2819 inficiabitur,
560 2745 742 2806 traditionem
756 2744 921 2804 istiusmodi
934 2749 969 2804 ad
983 2743 1092 2805 Christi
1109 2739 1268 2820 λοιδορίαν
1284 2740 1331 2802 vsi
1348 2737 1439 2820 patrii·

229 2829 272 2889 eis
295 2827 422 2889 maxirae
455 2850 637 2910 progenerum
661 2831 800 2896 convitiis
826 2832 1065 2913 turpissimisque
1091 2830 1300 2891 scommatibus
1325 2839 1439 2888 tractam
1466 2901 1467 2904 Ἴ

228 2916 337 2991 fuisse,
366 2921 482 2996 quaudo
503 2938 570 2979 sese
590 2929 646 2980 tarn
673 2920 793 2999 egregie
812 2921 926 2982 scilicet
950 2923 986 2981 de
1007 2919 1133 3000 puhlicis
1158 2920 1287 2982 Deorum
1312 2915 1440 2978 hostibus
1466 2907 1467 2952 i

229 3003 440 3083 triumphantes
461 3026 568 3086 magno
588 3028 653 3068 coru
671 3007 828 3088 voluptatis
847 3027 938 3070 sensu
954 3008 1099 3071 viderant.
1465 3081 1467 3126 4

284 3228 286 3232 v
315 3141 341 3226 §.
354 3138 385 3207 9.
407 3141 450 3206 Ut
463 3141 639 3228 postulati,
656 3144 706 3210 ita
721 3145 843 3211 traditi
858 3165 986 3235 quaqua
998 3145 1207 3232 potissimum
1221 3149 1302 3210 sant
1320 3139 1442 3207 codices
1464 3155 1467 3216 t

228 3225 405 3295 bibliorum
430 3229 598 3311 sacri;²¹)
632 3233 780 3298 iustarrte
809 3240 925 3298 tamea
956 3241 988 3300 et
1012 3240 1152 3318 corporata
1169 3229 1329 3318 judicum
1353 3235 1467 3314 pote-r

226 3315 375 3402 state‚²²)
396 3314 475 3381 libri
490 3337 618 3406 procurre
636 3317 855 3386 ecclesiastici
871 3319 951 3407 alii,
980 3322 1122 3409 itemque
1139 3327 1220 3386 acta
1239 3326 1271 3384 et
1289 3316 1441 3384 eotoreo-
1464 3347 1467 3386 r

226 3405 332 3469 tiones
356 3405 617 3492 martyrum‚²³)
643 3429 727 3472 uasa
747 3407 885 3473 taudem
908 3430 1013 3474 saara
1037 3416 1068 3474 et
1090 3409 1317 3474 irrotrumeuta
1341 3403 1467 3471 amera«

225 3492 359 3576 parueris
377 3490 663 3571 ecclcsiaste'ca.²⁴)
698 3493 794 3572 Quae
813 3497 926 3561 omrria
945 3504 982 3562 ut
1006 3497 1077 3562 suis
1099 3494 1238 3582 sirrputa
1263 3491 1346 3559 lacis
1368 3487 1442 3577 porri
1465 3535 1467 3550 .

228 3577 532 3679 corrarrouoraut,²⁵t
556 3581 606 3646 ita
631 3581 708 3647 iada
726 3583 1003 3673 ereaturarum,
1028 3585 1156 3670 inperiti
1170 3581 1441 3650 reicdristr'auac
1465 3615 1467 3648 ι

218 3674 369 3751 paatrora
384 3667 569 3752 perierunt.

289 3791 369 3869 .21)
394 3789 512 3853 Certum
535 3791 608 3852 ittod
634 3801 678 3854 est
696 3803 723 3854 et
748 3803 831 3856 extra
850 3814 963 3856 omnem
984 3794 1174 3858 dubitationis
1192 3794 1288 3858 aleam
1307 3792 1439 3875 positum

227 3874 260 3936 S.
277 3877 448 3956 scripturae
466 3877 557 3941 libros
572 3882 730 3942 tradendos
750 3881 846 3944 fuisse
864 3895 951 3964 atque
970 3884 1201 3962 comburendos,
1226 3885 1317 3964 idque
1332 3882 1437 3942 darien

227 3983 342 4042 quoque
360 3965 517 4045 diiigenter
535 3979 562 4029 et
578 3969 730 4030 Eusebius
750 3980 779 4030 et
796 3981 861 4031 acta
880 3981 1037 4054 martyrum
1054 3983 1207 4035 testantur.
1251 3971 1308 4033 itte
1326 3969 1437 4050 quiden

226 4047 309 4127 (trist.
327 4052 398 4114 ecci.
416 4050 447 4127 8,
466 4055 510 4133 2.)
540 4043 595 4126 τὰς
620 4054 755 4126 ἐνθέους
781 4057 829 4117 aori
856 4049 942 4144 ἱερὰς
969 4049 1088 4140 γραφὰς
1110 4048 1189 4120 κατὰ
1210 4057 1306 4136 μέσας
1330 4041 1437 4138 ἀγορὰς

226 4135 301 4236 roupi
325 4132 588 4218 παραδιδομένας,
615 4143 663 4204 sui
680 4165 712 4205 se
728 4144 824 4224 ipsum
842 4147 936 4208 ocutis
952 4148 1063 4222 uidisse
1080 4147 1138 4225 ait3
1165 4149 1237 4208 haec
1254 4158 1354 4208 autem
1382 4144 1435 4224 ptos

224 4222 349 4324 sperulici
374 4227 437 4287 eice
455 4229 572 4290 immani
590 4231 840 4315 saevitia-iactum
863 4235 940 4297 idem
961 4235 1122 4298 certissime
1141 4235 1324 4298 confirmant.
1364 4235 1434 4294 Tra·

225 4313 303 4372 ditae
319 4311 413 4412 igitur
425 4328 493 4374 suut
509 4316 542 4375 ai
557 4319 680 4398 γραφαὶ,
699 4325 776 4401 quud
793 4343 899 4386 nomen
915 4321 960 4386 rel
979 4323 1104 4386 maxime
1116 4341 1280 4406 usurpasse
1295 4339 1433 4406 persece-

224 4405 304 4462 teres
335 4399 476 4461 credebile
507 4413 571 4481 cst,
604 4425 639 4467 eo
671 4412 749 4488 quod
778 4431 838 4473 nen
868 4421 980 4476 tautum
1009 4410 1236 4495 adadomensis
1265 4413 1308 4477 ita
1344 4401 1433 4478 soced
