2944 4890
208 265 283 332 »8⁰5
350 269 353 276 ’
469 269 472 274 “
649 261 756 330 xttt.
787 262 993 332 atnttattm

214 437 448 522 ilbristienornm
469 437 530 520 jam
555 438 688 516 devenit,
720 447 753 509 ιιι
778 439 905 521 publicis
930 439 1036 506 littaris
1059 449 1161 504 centra
1186 437 1256 509 illos
1279 447 1426 518 ageretur,

216 527 353 592 omnibus
371 526 501 604 omnino,
525 525 573 607 qni
592 524 702 590 Christi
720 547 826 592 nomen
844 550 914 611 prae
933 550 965 592 se
980 529 1057 592 lerre
1075 529 1140 592 ansi
1158 533 1269 605 esseni,
1291 528 1427 606 honores,

214 617 379 680 libertatern
396 625 425 678 et
435 614 506 698 jure
523 613 630 694 omnia,
650 615 757 696 quibus
775 628 862 682 antea
880 617 1000 695 fuerant
1017 615 1124 698 gavisi,
1143 615 1244 682 adimit
1260 637 1320 678 non
1336 618 1429 692 modo,

216 709 271 768 sed
293 716 322 768 et
344 725 426 786 spem
450 701 593 782 praecidit
615 724 743 782 ornnem,
776 708 891 786 quade
914 705 1123 786 recuperandis
1142 703 1228 769 benis
1247 701 1359 768 ablatis
1384 715 1430 764 ant

214 792 392 858 dedicanda
408 790 534 852 nominis
553 791 668 868 bonesti
687 791 776 871 fama,
795 815 848 873 per
866 793 958 854 malos
976 793 1097 874 turpiter
1113 791 1249 856 fortassis
1267 789 1364 868 laesa,
1384 803 1432 852 ant
1466 869 1467 872 Ἴ

216 885 252 944 de
276 877 465 943 restituendis
490 877 608 954 amissis
633 879 825 960 dignitatibus
850 879 890 943 ali
914 888 1059 962 poterant.
1102 880 1193 944 Immo
1220 890 1248 942 et
1273 877 1430 960 s'npplieiis
1466 875 1467 886 ³

216 968 373 1033 dirissimis
397 969 619 1047 persequendos
635 967 703 1030 illos
727 969 829 1032 statuit
845 968 961 1032 nullave
978 969 1091 1032 ratione
1109 967 1312 1034 ulciscendum
1328 967 1431 1028 interi·
1466 1013 1467 1016 ι

214 1066 276 1120 tum
293 1077 402 1132 eornm,
418 1065 470 1117 ant
486 1055 649 1135 puniendos
670 1077 707 1118 ex
724 1056 904 1139 praescripto
920 1056 998 1138 legis
1010 1057 1103 1139 jubet,
1121 1055 1170 1137 qui
1186 1055 1318 1137 iniquius
1334 1055 1430 1116 bomi-

212 1162 270 1207 nes
290 1143 399 1206 Christi
423 1163 509 1206 sacra
532 1152 692 1224 sequentes
711 1153 895 1208 tractassent.
941 1144 1059 1208 Grande
1077 1144 1208 1224 profecto
1226 1142 1354 1218 malum,
1381 1163 1431 1204 nec

213 1231 276 1294 nisi
293 1229 452 1293 christiano
474 1229 495 1292 i.
512 1251 538 1294 e.
557 1232 606 1311 pio
627 1252 662 1294 ac
683 1231 785 1294 bamili
804 1233 956 1295 fereadum
977 1232 1084 1305 animo,
1104 1253 1171 1294 mox
1190 1241 1281 1311 anget
1300 1233 1430 1298 scelerata

214 1326 340 1382 comatur
357 1321 538 1392 etmalorum
555 1323 728 1396 enucleanter
751 1324 798 1402 (ut
823 1319 906 1383 audit
924 1319 1047 1402 egregie
1065 1323 1255 1404 Diocletianae
1267 1318 1429 1383 'Lactantio
1466 1363 1467 1416 ,

139 1453 141 1460 .
214 1407 236 1470 l.
252 1407 272 1468 l.
290 1405 337 1490 7.)
363 1427 439 1470 noro
464 1421 557 1488 ecque
576 1407 749 1488 impiissimo
768 1407 880 1484 edicto,
911 1430 968 1489 qno
995 1407 1191 1472 ecclesiasad
1215 1405 1313 1470 nolum
1339 1427 1429 1487 nsque
1466 1419 1467 1462 ι

215 1495 374 1557 diruendas
392 1505 420 1556 et
441 1493 644 1570 sanctissimae
669 1495 764 1576 ipsius
783 1496 838 1559 Dei
856 1497 948 1558 libros
966 1496 1089 1558 dammis
1112 1495 1328 1565 comburendos
1346 1494 1430 1574 peni·
1466 1507 1467 1516 ¹

215 1593 322 1666 tusque
340 1582 533 1654 eradicandos
552 1602 621 1645 esse
644 1583 797 1664 praecipit.
841 1586 884 1646 ad
908 1582 1041 1646 ultimum
1054 1585 1181 1655 ‘tandem
1206 1583 1236 1646 in
1256 1601 1311 1644 eos
1328 1581 1429 1657 saevit,
1466 1565 1467 1634 l

216 1691 292 1752 ques
309 1671 468 1752 magistros
487 1681 515 1732 et
531 1671 682 1752 praesides
699 1682 727 1733 et
742 1670 876 1753 exempla
891 1673 1074 1753 gregis‘Deo
1092 1680 1283 1734 consecratae
1300 1679 1429 1744 nouerat,

215 1779 328 1840 eosque
345 1759 470 1847 primum
492 1762 528 1820 ad
550 1778 684 1825 carceres
705 1762 930 1838 damnosam
949 1781 1017 1821 vern
1042 1759 1126 1821 edaci
1149 1759 1254 1822 iterun
1276 1767 1368 1838 atque
1387 1755 1428 1818 uel

214 1849 251 1909 ad
276 1867 386 1928 spurca
406 1857 434 1908 et
451 1847 578 1908 nelanda
601 1845 758 1926 sacrificia,
782 1846 839 1908 diis
860 1847 1017 1924 offerenda,
1042 1847 1088 1909 vel
1107 1849 1144 1909 ad
1162 1845 1263 1910 ultima
1281 1842 1429 1926 supplicia

214 1955 308 2016 eaque
326 1933 528 1996 intensissima
552 1934 625 1996 trabi
645 1934 715 1997 uult.
761 1935 898 1997 Ceteram
915 1947 1069 2017 antequam
1089 1932 1137 1996 bic
1147 1933 1355 2010 discedamus,
1375 1935 1428 1993 dno

213 2023 311 2100 adlrnc
327 2020 509 2102 potissimum
527 2032 611 2084 eruut
627 2024 820 2086 obseruanda.
857 2023 984 2085 Primum
1004 2025 1080 2104 quod
1096 2025 1133 2084 ad
1151 2021 1311 2084 edictorum
1328 2032 1429 2083 contre
1466 2075 1467 2106 ,

214 2095 401 2172 Gbristianos
418 2106 844 2190 promulgationem-publicam
861 2111 980 2188 adtinet,
998 2109 1165 2172 uarietatem
1181 2109 1310 2190 aliquam
1327 2118 1429 2170 aucto·
1466 2113 1467 2126 ¹

213 2217 279 2259 rum
298 2195 379 2259 circa
396 2207 522 2276 tempus,
547 2217 605 2278 qno
621 2199 870 2277 proponebantur,
898 2199 1116 2280 deprehendere
1133 2197 1210 2260 licet.
1258 2196 1428 2265 Lactantius
1466 2203 1467 2212 ’

214 2285 291 2348 enim
309 2283 531 2350 attensem.
549 2285 695 2366 prodiisse
711 2285 837 2346 edictum
855 2285 912 2363 ait3
936 2285 1085 2348 Eusebius
1102 2306 1171 2346 vern
1188 2281 1301 2360 scribit,
1320 2304 1428 2364 propo·
1466 2293 1467 2370 ι

213 2373 302 2437 situm
317 2372 414 2435 luisse
431 2372 556 2434 edictum
568 2393 669 2436 mense
680 2373 798 2450 Martio,
814 2375 969 2454 adpetente
985 2373 1061 2436 festo
1074 2371 1246 2434 Dominicae
1263 2369 1426 2452 passionis,
1466 2379 1467 2408 ³

213 2461 265 2540 qui
289 2469 385 2522 tamen
405 2481 534 2527 mensem
552 2462 729 2523 Xantbicum
747 2459 893 2540 designat,
915 2482 999 2542 quem
1015 2460 1140 2524 Romani
1158 2458 1287 2540 Aprilem
1307 2469 1428 2532 vocant3

213 2555 242 2608 et
260 2548 376 2610 taudem
396 2558 498 2607 auctor
517 2547 656 2610 chronici
673 2548 864 2623 Alexandrini
884 2551 911 2611 d.
927 2549 979 2610 25.
995 2547 1104 2625 Martii,
1127 2547 1193 2628 ipsc
1212 2547 1258 2608 die
1278 2545 1426 2626 paschatis

212 2631 244 2692 id
272 2632 382 2694 lactum
414 2653 479 2695 esse
504 2633 647 2699 adfirmat.
691 2635 724 2696 In
751 2627 958 2716 componendis
983 2634 1073 2716 igitur
1098 2635 1179 2698 hisce
1205 2633 1426 2704 difficultatibus

192 2715 333 2802 'operam
359 2739 444 2782 snam
470 2719 627 2784 collocavit
648 2721 750 2803 Steph.
766 2721 908 2785 Balnzius
935 2723 980 2806 (in
996 2730 1068 2786 notis
1084 2725 1122 2784 nd
1137 2729 1282 2786 Lnotnatii
1299 2725 1317 2782 l.
1334 2724 1376 2799 o.)
1400 2730 1427 2782 et
1466 2781 1467 2810 ,

213 2809 255 2871 ita
281 2807 398 2892 quidem
422 2808 566 2888 feliciter,
599 2819 632 2872 ut
651 2811 785 2873 omnibus
809 2812 871 2874 fere
897 2810 1133 2891 probatissimam
1158 2809 1238 2872 illam
1260 2809 1425 2875 reddiderit.
1466 2831 1467 2868 ι

212 2896 372 2959 Existimat
390 2919 458 2960 vero
477 2897 539 2976 ille,
563 2897 657 2978 primo
677 2899 802 2960 edictum
822 2899 893 2960 illud
914 2897 1091 2979 propesitum
1115 2897 1211 2960 fuisse
1227 2897 1425 2972 Nicomediae,
1466 2885 1467 2958 l

212 2983 265 3044 nbi
293 2987 401 3064 agebat
424 2985 614 3063 Lactantius,
640 2986 721 3048 velut
740 2985 771 3047 in
796 2986 911 3048 civitate
936 2985 1034 3064 regia,
1060 2987 1090 3048 d.
1114 2985 1166 3048 24.
1184 2985 1291 3061 Ecba,
1320 2985 1425 3050 deinde
1466 2989 1467 3060 ᾗ

212 3070 334 3136 missurn
353 3075 389 3134 ad
414 3081 527 3134 ceteras
550 3073 664 3152 imperii
684 3073 826 3146 ciuitates,
851 3092 951 3134 mense
969 3073 1084 3154 quidem
1101 3072 1210 3138 lllertic
1227 3069 1378 3152 salgatum
1396 3075 1425 3132 in
1466 3067 1467 3136 l

211 3181 246 3222 eo
266 3160 342 3233 loco,
361 3159 412 3220 nbi
430 3171 488 3222 tum
508 3161 659 3222 Eusebius
676 3161 836 3238 habitabat,
863 3159 894 3220 in
912 3159 1081 3224 Palaestina
1100 3180 1199 3224 mense
1216 3159 1327 3240 Aprili3
1352 3157 1425 3222 Ale·
1466 3177 1467 3232 t

210 3247 353 3310 xandriae
369 3245 416 3308 vel
433 3247 503 3308 alibi
520 3249 584 3328 ipso
602 3249 649 3310 die
666 3250 825 3328 paschatis.
858 3249 896 3309 Et
911 3247 984 3309 haec
1000 3247 1117 3326 quidem
1136 3247 1176 3311 uti
1195 3245 1343 3328 singulari
1361 3267 1425 3320 sese
1466 3267 1467 3282 ι

209 3335 312 3416 specie
331 3337 513 3396 commendat
536 3335 719 3413 conciliatio,
743 3337 784 3397 ita
807 3337 890 3416 juret
914 3337 1036 3397 eandem
1053 3357 1170 3417 quoqne
1190 3333 1329 3416 egregie,
1350 3337 1424 3416 quod
1466 3327 1467 3414 l

208 3421 382 3486 Lactantius
399 3442 462 3504 cap.
483 3423 532 3484 15.
551 3422 636 3484 dicit:
653 3431 690 3485 Et
701 3427 765 3502 pom
781 3427 888 3486 litterae
903 3426 941 3484 nd
956 3429 1170 3487 Maximianum
1185 3433 1211 3490 el
1229 3426 1425 3492 Constantiam

208 3521 434 3586 commonuerunt,
461 3521 491 3571 et
509 3513 604 3572 eadem
621 3513 761 3585 facerent.-
786 3532 851 3572 curu
870 3509 901 3570 id
917 3509 1014 3572 saltim
1040 3511 1146 3592 exinde
1163 3519 1276 3592 pateat,
1298 3509 1424 3573 edicta!

110 3615 115 3630 ⁸
206 3598 391 3680 imperatoris
410 3597 493 3680 prins
517 3597 683 3675 incivitate
707 3598 798 3678 regia,
823 3619 908 3678 quam
928 3598 959 3658 in
977 3597 1044 3660 aliis
1063 3597 1177 3680 imperii
1198 3597 1342 3674 urbibus,
1368 3597 1425 3660 ino

206 3688 290 3766 prius
308 3687 339 3747 in
356 3685 486 3763 Oriente,
506 3706 591 3767 quarn
609 3685 639 3746 in
657 3687 815 3749 Occidente
833 3685 1013 3766 propositum
1030 3685 1133 3748 luisse.
1171 3686 1288 3752 Ileindc
1305 3696 1333 3748 et
1351 3685 1424 3748 illud

205 3793 265 3834 non
281 3775 479 3848 omittendum,
497 3775 551 3835 bac
566 3774 632 3854 ipsa
648 3773 803 3836 decennali
819 3773 1022 3852 persecutione
1040 3772 1117 3835 istud
1135 3772 1424 3854 quoque-accidisse,

206 3866 253 3936 nt',
271 3865 348 3940 quod
367 3872 453 3923 antea
471 3861 602 3941 ignotum
619 3861 727 3938 luerat,
747 3861 893 3924 civitatum
914 3861 1008 3922 edicta
1025 3863 1168 3922 adversas
1185 3859 1378 3924 Christianos
1398 3867 1426 3922 et
1466 3935 1467 3944 ἵ

206 3947 442 4010 constitutionum
474 3947 667 4028 imperialium
696 3947 852 4029 rescripta,
883 3949 961 4010 aeris
987 3947 1097 4010 tabulis
1120 3947 1233 4025 incisa,
1262 3949 1425 4016 mediisin
1466 3953 1467 4020 l

204 4033 327 4094 nrbibns
344 4037 493 4116 proposita
509 4036 624 4098 luerint.
658 4035 761 4098 Refert
777 4037 832 4096 lroc
848 4037 956 4098 diserte
968 4035 1119 4098 Eusebius
1136 4035 1217 4116 (bist.
1233 4036 1307 4100 eccl.
1323 4033 1357 4114 ll,
1371 4037 1424 4114 7.)‚

204 4139 370 4202 quanquam
388 4122 520 4202 pressius
538 4126 574 4185 ad
591 4122 745 4186 Maximini
764 4130 895 4203 tempora
912 4123 1058 4205 pertinere
1075 4122 1153 4186 istud
1171 4123 1316 4188 videatur.

290 4257 316 4342 ᾗ.
330 4255 360 4320 5.
381 4257 476 4335 Quod
487 4262 663 4344 speciatim
679 4261 726 4330 ud
735 4261 868 4328 Sacrae
879 4261 1081 4346 Scripturuc
1097 4257 1268 4327 volumina
1286 4280 1423 4328 eorum-
1466 4279 1467 4308 t

202 4366 266 4435 pue
283 4343 536 4426 combustionem
553 4349 692 4438 adtinet,
706 4349 895 4434 praecipua
913 4355 1002 4416 certe
1013 4369 1055 4414 uc
1069 4347 1256 4434 poeuttorts
1271 4347 1339 4416 tttn
1350 4347 1424 4436 fuit
1466 4355 1467 4440 l

201 4431 387 4502 calamitas
410 4433 649 4515 persecutionis
678 4457 701 4504 a
725 4433 940 4504 Diocletiano
971 4433 1196 4524 commotae.⁵)
1245 4434 1420 4528 Quemnd·
1466 4507 1467 4524 ,
