2944 4898
180 251 224 318 Sd
576 243 699 314 xxxii.
742 247 770 314 l.
786 245 825 312 G.
838 245 990 328 Zeamrar

181 428 267 492 ribus
284 424 461 490 contrariam
478 431 603 504 tuentes,
621 423 654 486 ia
671 432 811 505 qnantum
826 421 910 488 salua
925 428 1176 486 monumentorum
1186 425 1277 484 'extra
1293 419 1401 506 ruspi-

183 515 277 578 oionis
292 523 389 576 notam
406 512 673 594 dubitationemqne
689 511 849 593 positorum
874 531 909 573 ac
925 509 1119 592 genuinoram
1141 509 1199 572 tide
1214 519 1243 572 et
1267 509 1402 572 auotori-

182 611 242 665 tate
265 601 352 682 lieet,
376 601 557 666 incunabula
581 602 646 682 ojus
671 600 703 662 ia
718 620 790 663 aero
814 601 851 662 alr
867 599 1008 680 apostolis
1031 597 1178 662 remotiori
1202 596 1403 679 cottonem).

183 689 387 772 Significatum
405 690 469 771 ejas
487 701 515 752 et
531 708 652 770 scopum
669 687 776 750 diserte
794 686 922 768 explieat
938 684 1156 764 Tertullianus,
1173 706 1262 767 quam
1278 685 1401 748 unctio-

158 797 163 804 ·
182 799 249 842 nem
266 777 399 840 adhiberi
415 777 485 838 dioit
501 777 532 836 ia
549 773 768 838 similitudinem
784 775 869 854 ritas,
884 775 941 837 sah
957 773 1063 856 prioris
1075 774 1203 838 foederis
1226 773 1403 836 oeconomia
1467 829 1468 836 ,

183 865 285 928 usitati
294 862 352 944 **),
378 885 435 944 qao
450 863 481 924 ia
498 862 579 924 calta
595 863 694 926 diuino
710 863 826 926 levitico
844 863 1013 926 sacerdotes
1029 881 1115 924 sacra
1131 861 1269 924 unctione
1284 861 1403 924 muneri
1467 863 1468 912 l

184 973 239 1016 sao
257 951 369 1016 initiari
390 950 614 1014 consuevissent
631 971 753 1032 eamque
771 949 840 1011 inde
858 949 1031 1032 religiosum
1049 949 1213 1030 spiritualis
1230 949 1403 1028 sacerdotii,

181 1050 282 1121 utpote
299 1038 428 1118 insignis
445 1037 538 1112 illius,
556 1058 613 1120 qua
629 1037 759 1119 quilibet,
785 1037 947 1102 christiana
962 1037 1077 1100 civitate
1093 1039 1230 1112 donatae,
1255 1057 1309 1119 per
1324 1038 1403 1118 bap·
1425 1094 1430 1100 .
1467 1043 1468 1056 ¹

182 1127 301 1190 rismum
317 1133 485 1206 augeretur,
505 1125 657 1206 diguitatis
674 1125 837 1205 symbolam
856 1136 966 1192 extare.
1002 1124 1076 1188 Cum
1093 1145 1162 1188 vero
1178 1123 1255 1186 idom
1272 1125 1404 1206 scriptor

183 1215 242 1278 alio
259 1214 291 1276 ia
306 1213 372 1276 loeo
384 1212 442 1295 ***)
467 1236 577 1276 caraem
598 1219 681 1293 oapi,
705 1225 736 1276 ot
753 1220 850 1276 auimo
867 1224 1038 1288 ooaneorotar
1055 1211 1139 1285 dicit,
1165 1233 1184 1276 a
1201 1211 1287 1276 nobis
1303 1211 1403 1295 impe-

184 1311 262 1365 trare
280 1322 338 1362 noa
353 1321 528 1382 possumus,
553 1311 586 1362 at
603 1303 774 1378 eradamus,
800 1301 887 1364 aliam
904 1301 962 1383 ipsi
979 1310 1102 1364 mentem
1118 1299 1231 1378 luisse,
1259 1321 1344 1382 qaam
1363 1304 1403 1364 do
1467 1337 1468 1366 t

184 1390 283 1452 earnis
298 1389 436 1452 unctione
453 1386 631 1470 baptismali,
647 1399 785 1470 tanquam
803 1409 894 1452 causa
911 1388 1008 1471 typica
1024 1387 1257 1450 consecrationis
1272 1388 1400 1466 animae,
1467 1409 1468 1428 ι

183 1477 310 1541 Domino
326 1478 441 1556 factae,
458 1476 626 1558 neutiquam
641 1497 711 1539 aero
726 1477 761 1537 de
774 1497 820 1553 ea,
836 1487 973 1558 tanquam
990 1495 1081 1540 caasa
1096 1475 1306 1544 iustrumentnli
1322 1477 1401 1540 tanti

185 1565 325 1643 effeetus,
350 1569 439 1628 verba
454 1565 571 1637 lacere,
594 1563 729 1644 inprimis
747 1566 785 1625 ad
808 1563 850 1626 ita
867 1565 1114 1626 determinandam
1138 1565 1204 1646 ejas
1228 1562 1284 1625 1111
1305 1565 1340 1628 de
1365 1585 1402 1626 re

184 1653 358 1716 seutentiam
383 1651 444 1714 loci
468 1651 670 1734 praecedentis
693 1653 778 1714 modo
803 1651 882 1714 citati
907 1651 1047 1732 analogia
1069 1651 1191 1716 inducti.
1229 1651 1314 1718 Certe
1340 1649 1403 1714 alio
1467 1669 1468 1688 ³

183 1761 293 1818 sensu,
317 1761 352 1802 ao
369 1741 422 1802 ubi
438 1743 471 1802 de
486 1743 624 1802 ablatione
639 1747 742 1820 eoram,
759 1751 791 1801 ut
807 1746 903 1802 auimo
918 1743 1095 1818 eraoonletnr,
1113 1740 1145 1800 ia
1161 1738 1258 1801 verbis
1275 1759 1405 1820 praece·

185 1828 321 1890 dentibus
338 1828 477 1910 loquitur,
494 1827 667 1908 particulam
684 1839 723 1903 ut,
741 1826 877 1890 effectam
894 1827 970 1890 alias
989 1829 1182 1904 denotantem,
1199 1826 1406 1909 accipiendam

180 1913 269 1993 esse,
294 1937 331 1978 ex
349 1914 507 1977 collatione
531 1915 655 1976 aliorum
672 1913 821 1991 locorum,
845 1914 1001 1996 inquibus
1026 1917 1062 1977 de
1081 1914 1245 1992 ablatione,
1270 1935 1348 1998 quae
1372 1915 1405 1978 ia

182 2003 270 2084 aquis
287 2003 318 2064 fit
332 2003 394 2065 sire
411 2005 446 2064 de
461 2001 592 2081 tingendi
608 2010 686 2074 acta,
703 2011 840 2082 tanquam
852 2023 946 2066 causa
964 2002 1108 2066 efficiente
1128 2001 1249 2066 iteratae
1268 2014 1406 2067 noemam

183 2089 353 2162 nativitatis,
379 2099 407 2151 ut
424 2088 539 2168 quidem
557 2109 591 2150 ea
607 2087 696 2150 unica
711 2088 948 2170 salvificationis,
973 2091 1099 2172 itemque
1117 2093 1152 2152 de
1169 2098 1252 2154 arcta
1268 2091 1405 2172 ejusdem

184 2176 362 2239 necessitate
387 2197 425 2238 ex
447 2178 582 2238 mandato
601 2173 729 2252 Christi,
754 2181 849 2258 quoad
875 2190 958 2241 aetus
981 2179 1104 2242 formam
1128 2197 1164 2240 ao
1190 2179 1349 2242 essentiam
1359 2181 1406 2258 i),

184 2263 402 2328 evidentissime
418 2263 557 2346 loquitar,
575 2272 635 2324 tato
654 2261 797 2345 colligere
812 2263 914 2328 licebit
924 2266 991 2342 ††l·
1035 2268 1080 2330 Aa
1096 2287 1165 2330 uero
1182 2267 1218 2329 de
1235 2267 1324 2350 hujus
1342 2288 1405 2328 uu-

184 2352 289 2416 ctioais
306 2350 476 2432 significatu
492 2362 520 2414 et
537 2371 628 2432 scopo
647 2354 759 2430 eadem,
778 2373 813 2415 ac
822 2353 1008 2416 Tertulliano
1027 2355 1172 2416 sententia
1189 2353 1279 2416 faerit
1295 2363 1405 2418 coarti-

182 2448 319 2504 tntioaam
336 2443 551 2522 apostolicorum
565 2439 676 2502 anotori
689 2438 781 2520 †††),
797 2441 826 2503 id
844 2440 1022 2505 confidenter
1033 2461 1167 2505 asserere
1179 2441 1259 2504 head
1270 2443 1407 2506 sustine·
1467 2519 1468 2546 1

182 2613 263 2664 doxon
288 2627 370 2677 aeque
389 2629 420 2664 uo
448 2613 516 2680 apud
542 2614 688 2666 haereticos
713 2613 795 2665 luisse
824 2629 856 2664 ex
875 2611 1031 2665 Tertulliani
1051 2615 1156 2684 scriptis
1176 2615 1271 2682 passim
1289 2631 1340 2668 aon
1360 2616 1408 2667 olt-
1467 2657 1468 2676 ,

183 2697 259 2734 neure
280 2689 419 2746 appareat.
1467 2683 1468 2740 l

250 2747 281 2818 a)
310 2749 337 2800 ia
365 2751 432 2801 haue
460 2767 565 2803 censam
597 2751 696 2803 referre
725 2767 774 2802 nou
801 2751 955 2803 dubitamus·
975 2753 1192 2816 Basaagiam
1219 2759 1297 2819 atque
1323 2751 1407 2805 aar·
1467 2755 1468 2766 ³

181 2819 313 2884 lacum,
344 2821 386 2885 qui
405 2820 464 2871 dam
483 2822 560 2887 liujus
579 2821 707 2872 unctionis
725 2821 788 2872 ritui
806 2822 914 2874 eandem
933 2837 991 2872 oum
1009 2820 1170 2873 Tertulliano
1191 2827 1305 2874 aetatem
1323 2823 1402 2890 plano

183 2889 312 2952 denegare
332 2904 382 2940 nou
402 2891 531 2955 audeaut,
558 2891 635 2956 hujus
654 2897 740 2942 tamen
759 2883 893 2958 seriptdris
915 2905 996 2956 aevo,
1021 2891 1109 2942 tomen
1128 2897 1155 2940 et
1175 2891 1299 2956 oonsilio,
1321 2899 1404 2958 etque
1467 2883 1468 2950 l

182 2959 230 3010 sab
249 2959 322 3008 tertii
341 2959 425 3010 seculi
448 2961 565 3026 auspicia
589 2960 745 3012 cerimoniae
765 2975 838 3010 usam
860 2960 969 3026 primum
987 2960 1103 3026 coepisse
1122 2959 1282 3010 confidenter
1300 2961 1403 3027 dieunt,
1467 2963 1468 3024 ζ

181 3028 225 3080 oui
243 3029 390 3080 sententiae
415 3029 543 3081 caleulum
562 3037 676 3080 nostram
695 3031 763 3080 altro
783 3029 971 3094 adjiceremus,
998 3029 1046 3080 nisi
1065 3043 1098 3080 ex
1123 3029 1272 3080 haereticae
1289 3027 1406 3082 Marcio-

182 3097 289 3162 nitieae,
311 3098 343 3147 ab
364 3099 508 3149 orthodoxa
526 3099 640 3150 eeclesia
659 3105 731 3148 tanto
751 3098 893 3148 animorum
914 3097 1016 3148 ierroro
1036 3097 1201 3160 dissidentis,
1220 3104 1406 3150 1111111111-

181 3166 277 3228 citate,
295 3180 346 3230 qua
363 3165 440 3229 hujus
459 3169 553 3230 moris,
573 3168 637 3216 ticet
653 3167 705 3216 iste
723 3167 747 3216 si
767 3181 823 3216 oum
843 3167 979 3217 catholicin
1000 3173 1070 3217 esset
1090 3167 1241 3230 eommunia,
1261 3167 1406 3219 observan-

179 3235 306 3284 tissimum
323 3241 410 3282 tamen
428 3249 456 3283 11
474 3236 576 3300 gessit,
599 3235 713 3300 ejusdem
735 3241 846 3286 aetatem
863 3235 917 3300 jam
935 3243 989 3286 tam
1007 3237 1130 3303 temporis
1151 3235 1267 3287 nonnihil
1284 3237 1403 3290 adultam

86 3330 95 3337 -
182 3301 264 3352 faisse
284 3301 485 3365 suspicaremur.

247 3367 292 3434 **)
312 3369 378 3433 qnod
397 3369 493 3420 diserte
512 3370 576 3421 haee
595 3371 675 3420 verbe
695 3377 843 3437 testantur,
873 3373 966 3440 quibus
985 3374 1018 3422 de
1036 3373 1108 3437 depo.
1129 3371 1154 3424 7.
1174 3389 1200 3440 p.
1219 3373 1280 3426 ent.
1300 3376 1403 3428 utitur:

178 3437 355 3502 perangimur·
371 3439 491 3486 amotione
509 3439 669 3502 deprimitur
688 3439 837 3504 disciplina,
857 3459 911 3510 qua
928 3442 998 3506 arlgo'
1014 3443 1069 3490 oleo
1086 3441 1118 3490 de
1136 3459 1217 3493 rom
1235 3443 1263 3492 ie
1280 3445 1403 3494 emendo·

181 3506 245 3554 tium
263 3505 390 3570 solebant,
411 3523 441 3555 ea
460 3523 509 3574 poro
528 3511 624 3559 Aaron
643 3525 660 3556 a
678 3508 755 3558 Mose
773 3519 865 3560 anetae
882 3519 929 3574 eet,
948 3511 1017 3560 trade
1037 3511 1155 3562 cimam
1171 3511 1267 3560 dicim
1284 3513 1403 3564 melodo·

181 3583 259 3634 more,
277 3574 347 3641 puori
363 3584 401 3624 est
418 3577 513 3640 amotio,
532 3593 600 3644 qaae
615 3577 723 3626 Domino
739 3593 829 3628 nomm
845 3579 1051 3645 accommodarit,
1068 3579 1144 3644 forta
1160 3581 1310 3646 qdntnalr'e
1337 3585 1402 3650 puin
1467 3583 1468 3642 ξ

181 3643 389 3777 epiripopdm‘ptuo
407 3653 445 3694 est
465 3663 482 3694 a
499 3649 554 3694 Deo
569 3653 658 3766 pgtre,
676 3647 746 3766 ἔιὲοᾶιι
762 3647 790 3695 iar
808 3650 883 3703 notio.
1310 3619 1319 3648 l
1352 3689 1356 3699 .
1467 3659 1468 3672 ’

344 3730 474 3770 creuere.
493 3731 565 3769 earn.
603 3751 609 3764 .
650 3752 656 3766 .
730 3751 737 3766 .

186 3841 193 3861 .
247 3781 280 3848 †)
301 3781 333 3834 do
351 3799 400 3850 qao
417 3783 546 3848 conferas,
566 3731 693 3850 quaepille
711 3783 791 3835 habet
810 3785 842 3834 de
856 3785 930 3851 dopo.
945 3784 986 3837 13.
1003 3801 1028 3852 p.
1044 3785 1113 3838 4632
1133 3787 1176 3836 lex
1193 3787 1259 3838 eota
1276 3787 1403 3853 aegeam
1467 3831 1468 3854 ζ

180 3852 302 3910 imposito
322 3861 359 3900 eat
381 3861 406 3901 et
425 3853 509 3916 forma
526 3855 703 3919 praescripto.
739 3853 773 3904 Et
797 3862 887 3903 eontra
908 3859 1036 3904 Praxenm
1053 3855 1098 3912 26.
1125 3871 1151 3922 p.
1172 3855 1249 3913 1029.
1274 3855 1400 3908 111111111-
1467 3855 1468 3858 '

181 3915 241 3968 dato
260 3917 357 3970 Christi
377 3922 509 3986 discipulis
528 3923 588 3974 dato
609 3923 714 3990 repetit.
1010 3951 1020 3968 κ

251 3985 304 4046 ††)
326 4003 373 4038 uec
393 3989 470 4040 dietis
494 3992 589 4042 uostris
610 3991 765 4044 ooutrnriuri
784 3998 858 4058 putes
878 3992 962 4044 locam
981 3993 1014 4042 de
1036 3993 1159 4058 tapetem.
1179 3993 1251 4060 d.·p.
1271 3993 1333 4046 idl-
1353 3995 1399 4046 ubi
1467 4015 1468 4028 ι

181 4055 326 4116 eontentio,
353 4054 579 4110 Tertulliano
598 4060 710 4112 tortasse
729 4061 884 4126 peculiaris,
909 4077 1046 4114 occurrere
1065 4062 1211 4128 videbitur,
1236 4063 1339 4130 quando
1358 4065 1399 4116 ita

181 4123 261 4174 dicit:
284 4139 335 4171 oron
353 4125 423 4190 quod
439 4127 467 4175 iro
487 4129 563 4194 aquis
583 4131 707 4193 Spiritum
728 4133 755 4178 Β.
774 4146 973 4198 consequamur,
997 4132 1045 4183 sed
1062 4132 1091 4182 ia
1110 4149 1180 4200 aquo
1198 4131 1333 4182 mandati
1348 4134 1399 4184 ond

181 4191 276 4255 angelo
296 4192 409 4256 Spiritui
425 4197 451 4245 S,
470 4211 672 4260 praeparamur.
707 4196 822 4249 Tametsi
847 4206 932 4250 nutem
951 4200 1021 4250 istutl
1038 4200 1142 4264 damus,
1168 4200 1225 4266 ojus
1243 4201 1346 4266 quidem
1364 4217 1398 4254 et
1467 4195 1468 4198 Ἰ

181 4267 266 4312 mente
286 4275 366 4326 aquas
388 4262 506 4314 adhiberi
523 4271 623 4316 tautam
642 4267 668 4318 in
687 4269 910 4333 praeparationem
930 4269 963 4320 ed
982 4268 1027 4336 Sp.
1047 4269 1075 4320 S.
1096 4269 1291 4336 recipiendam
1314 4283 1396 4337 prono

180 4337 267 4382 tamen
282 4330 353 4380 hisee
365 4345 397 4380 ex
410 4330 486 4381 dietis
504 4333 577 4384 utveo
593 4334 658 4398 duit,
679 4336 836 4388 ablutionem
852 4351 976 4402 aquaram
990 4337 1067 4404 hujus
1082 4339 1174 4392 saltora
1189 4339 1397 4407 praeparationis

181 4413 286 4454 oausam
303 4397 458 4450 efficientem
476 4414 544 4463 osse,
566 4401 649 4467 ipsam
667 4409 793 4456 statuero.
869 4439 871 4448 .
1091 4435 1094 4440 -

248 4468 323 4536 †††)
344 4467 445 4536 quondo
464 4483 554 4536 nempe
567 4469 728 4524 diversarum
740 4474 852 4539 partium
863 4481 892 4528 ot
901 4476 1102 4532 *oerirnoniarum
1114 4476 1280 4546 indeptione
1289 4477 1396 4534 adhibi-
