2942 4892
448 203 506 316 ‘do
525 271 617 317 coeno
632 253 762 318 Domini.
799 273 805 284 ·
1003 255 1006 261 ’
1150 253 1225 324 220·

26 413 224 510 fcoluthorum,
252 425 382 490 maxime
414 427 651 510 persecutionum
679 438 827 512 tempore,
860 428 1022 512 aliqnando
1053 451 1215 513 puerorum

26 529 108 580 turus.
155 514 312 594 Legimus
341 525 455 595 tamen,
489 516 695 598 grassantibus
728 517 964 599 persecutionum
994 521 1216 598 tempestatibus

26 595 191 680 hristiaoos,
210 602 342 666 maxime
359 604 592 685 peregrinantes,
609 625 713 686 panem
732 616 760 668 ct
777 605 874 668 riuum
892 618 1095 672 consecratum
1112 630 1214 674 seeum

26 689 228 768 lrourutnlisse,
255 697 308 766 ut,
333 693 586 774 adpropinquante
614 701 738 779 praeter,
752 713 835 775 spem
859 694 959 758 mortis
984 695 1133 776 periculo,
1156 697 1224 772 ote,

26 779 89 842 tonia
111 776 176 840 illa.
189 788 334 861 tauquam
353 779 457 843 viatico
485 800 519 844 se
545 781 721 846 solarentur.
766 781 834 844 Sec.
851 783 938 846 ΙῊΙΙ.
960 785 991 844 in
1007 783 1215 850 festivitatibus

26 865 171 928 olrmnibus
191 867 346 938 Caesares
370 868 400 930 in
419 872 589 932 sacerdotes
612 879 743 932 attonsos
768 870 876 951 populo
893 873 1125 936 communionem
1143 869 1216 955 por'-

26 956 113 1032 exisse,
130 965 239 1017 auctor
258 965 305 1016 est
323 955 475 1020 Diaconos
491 966 519 1020 et
534 959 680 1021 Zonaras.
713 957 839 1021 Carolus
857 959 899 1020 Μ.
920 959 966 1020 dio
983 960 1116 1040 paschali
1134 981 1224 1024 com-·

26 1044 172 1120 incitabat,
199 1052 359 1124 spectante
375 1044 541 1108 Vitekindo.
581 1046 728 1108 luterdnm
752 1045 966 1110 distribuebant
988 1041 1157 1129 pontificos,
1183 1057 1217 1112 ut

26 1137 75 1210 *apa
89 1131 230 1192 bothario
253 1131 345 1211 Regi.
386 1131 445 1194 Sed
470 1133 497 1194 id
526 1134 632 1198 abusui
659 1154 712 1215 per
729 1133 881 1214 pontifices
904 1155 1041 1197 romanos
1065 1136 1096 1198 in
1115 1138 1216 1202 ecclc-

26 1217 68 1278 ian
89 1218 259 1280 introducto
284 1221 510 1282 adscribendum
538 1229 592 1284 cst.
635 1221 667 1284 ln
685 1221 846 1284 orthodoxa
866 1223 996 1286 ecclesia
1014 1244 1123 1286 munus
1140 1226 1216 1288 illud

26 1327 105 1386 emper
122 1327 218 1386 penes
236 1307 321 1368 verbi
339 1307 427 1370 divini
447 1309 594 1370 ministros
611 1309 676 1372 fruit.
688 1343 728 1354 »κ
747 1311 774 1394 §.
791 1311 839 1374 10.
857 1309 992 1389 Materia,
1010 1333 1048 1373 cx
1067 1333 1125 1394 qua
1141 1335 1215 1376 con-

27 1401 57 1453 tat
70 1396 119 1454 boe
133 1399 368 1474 sacramentnm,
386 1404 429 1458 est
443 1418 491 1459 res
508 1407 624 1460 terrena
645 1408 673 1459 ct
688 1395 836 1461 coelestis.
862 1398 947 1460 Hauc
963 1411 1112 1478 exponunt
1129 1402 1215 1462 theo·

26 1481 67 1559 ogi,
79 1481 156 1542 illius
174 1492 279 1546 antem
295 1483 447 1564 inquisitio
464 1485 632 1566 philologis,
655 1485 815 1558 historicis,
838 1487 1012 1566 antiquariis
1030 1487 1215 1566 permittitur.
1290 1563 1293 1570 ι

26 1567 146 1630 luteciam
173 1591 249 1650 ergo
276 1586 420 1633 terrenam
447 1572 628 1634 corretitnunt
652 1571 736 1654 panis
762 1583 790 1633 ct
819 1572 929 1634 vinnm.
971 1573 1057 1635 lnitio
1083 1577 1215 1656 depaue
1289 1613 1291 1620 ν

28 1649 193 1720 isserendnm
212 1669 271 1722 est.
305 1659 362 1720 Hic
379 1659 551 1740 praesertim
568 1661 597 1722 in
615 1659 841 1722 controversiam
859 1661 951 1738 venit,
976 1672 1072 1724 utrum
1098 1673 1213 1726 veteres

26 1763 36 1802 ι
55 1765 147 1806 mensa
161 1747 286 1810 Domini
314 1769 417 1828 panem
439 1741 554 1826 ἄζυμον
579 1769 616 1810 an
640 1736 778 1826 ζυμωτὸν
801 1746 1008 1812 adhibuerintl
1043 1749 1236 1831 Responsio'

26 1841 46 1890 st
59 1831 83 1890 io
99 1844 252 1920 promptu,
279 1835 433 1897 Christum*
446 1857 550 1915 nempe
575 1836 602 1896 in
624 1836 715 1917 prima
736 1855 884 1916 synaxeos
908 1835 1088 1898 institutione
1104 1859 1214 1902 conse-

27 1938 92 1979 rassc
111 1942 215 2002 panem
234 1914 369 2001 ἄζυμον,
395 1923 491 2004 qualis
519 1933 577 1985 tum
596 1925 625 1984 io
650 1923 855 1986 festivitatibus
873 1923 1021 2003 paschatis
1045 1935 1162 2006 praesto
1185 1936 1215 1990 et
1325 1973 1333 1988 .

26 2005 40 2064 d
55 2027 147 2070 uanus
165 2019 247 2084 erat,
274 2011 416 2090 apostolis
434 2023 547 2088 autern,
575 2011 644 2092 viris
667 2011 837 2093 apostolicis
855 2023 882 2072 ot
899 2012 1105 2076 vetustissimis
1123 2014 1214 2076 Chri-

27 2091 97 2154 tianis
113 2096 206 2160 luisse
231 2087 426 2182 ἀδιάφορον,
453 2099 497 2160 rel
524 2115 627 2180 panem
650 2089 764 2176 ἄζυμον
780 2100 823 2161 rol
849 2088 987 2177 ζυμωτόν
1012 2101 1042 2162 iu
1064 2123 1089 2166 s.
1106 2103 1214 2184 synaxi

26 2200 144 2262 usurpare.
194 2186 283 2248 Unde
302 2186 445 2266 legimus,
471 2187 538 2250 aliis
559 2187 589 2248 in
607 2187 680 2249 locis
697 2207 846 2268 azymum,
871 2188 899 2248 in
925 2188 992 2250 aliis
1009 2189 1214 2254 fermentatum

26 2287 96 2332 narrem
112 2271 140 2332 iu
159 2295 217 2336 usu
241 2273 348 2336 fuisse.
394 2275 557 2352 Quenstedt
578 2275 611 2357 (1.
630 2298 656 2340 c.
673 2298 701 2356 p.
718 2275 807 2355 376.)
832 2278 916 2338 docte
937 2275 1058 2338 scribit:
1091 2277 1214 2354 „Ritnru

28 2355 180 2422 obsecrandi
206 2361 237 2424 in
260 2353 386 2440 ἀζύμοις
408 2364 608 2443 apostolorum
626 2361 805 2444 temporibus
828 2372 974 2430 serratum
1000 2383 1083 2440 esse,
1110 2362 1213 2448 colligi

26 2464 57 2502 :on
79 2450 198 2510 obscuro
224 2457 324 2532 potest
346 2471 382 2513 cx
409 2451 505 2512 vorbis
522 2449 678 2531 Epiphanii
705 2457 806 2510 contra
830 2449 998 2527 Ebionitas,
1022 2449 1140 2514 haeresi
1157 2451 1211 2518 3⁰.
1300 2491 1304 2496 ·

26 2561 35 2602 ι.
50 2534 90 2594 lb.
108 2557 181 2616 quae
199 2537 238 2600 tax
261 2537 375 2598 Gracco
394 2538 422 2598 in
439 2539 577 2600 latinum
595 2538 635 2600 ita
659 2536 806 2599 transtulit
823 2537 1002 2600 Cornariur:
1028 2539 1210 2620 baptismum

26 2638 80 2679 orro
96 2625 177 2685 otiam
203 2625 265 2706 ipsi
290 2621 446 2704 accipiunt.
494 2625 638 2707 Mysteria
654 2636 750 2688 autem
767 2625 881 2687 farciunt
903 2614 981 2686 κατὰ
1003 2627 1133 2708 μίμησιν
1149 2626 1213 2690 τῶν

27 2706 83 2789 vop}
100 2705 244 2796 ἐκκλησίᾳ
263 2703 337 2792 (ἀπὸ
354 2711 499 2774 ἐνιαυτοῦ
517 2713 561 2784 εἰς
577 2701 752 2794 ἐνιαυτὸν),
769 2701 820 2772 deci
838 2702 977 2789 ἀζύμων,
994 2715 1021 2776 h.
1041 2737 1065 2776 e.
1082 2735 1136 2794 per
1152 2736 1213 2792 uon¹

26 2805 176 2859 cruentatos
193 2803 323 2880 paues.“
359 2789 548 2882 Μυστήριον
567 2811 611 2862 est
624 2800 811 2862 eucharistia.
842 2798 1034 2877 Calviniaois,
1051 2802 1099 2880 qni
1118 2822 1212 2880 panes

26 2871 136 2958 clicone
154 2889 304 2950 mordicus
321 2888 461 2964 retinent,
481 2907 655 2969 persuasum
673 2899 732 2965 cst,
752 2886 896 2948 eeclesias
913 2907 1039 2964 graecas
1057 2888 1164 2968 paritor
1183 2899 1212 2950 et

26 2966 102 3030 otinas
126 2977 160 3035 ab
179 2977 381 3057 apostolorum
400 2976 469 3036 inde
486 2977 665 3058 temporibus
691 2993 759 3036 csso
776 2973 957 3036 fermentatis
976 2974 1102 3054 panibus
1120 2995 1211 3054 usas·,

26 3050 187 3124 tlexandrnm
205 3065 230 3126 l.
249 3086 317 3127 rero
334 3063 484 3126 invexisse
502 3065 531 3124 in
552 3063 706 3126 ecelesiam
724 3083 829 3143 panem
848 3083 997 3143 azymum,
1023 3061 1211 3124 reclamanti-

26 3161 59 3200 tus
75 3144 208 3227 Graecis3
236 3154 304 3216 item
330 3152 477 3214 cardinem
502 3152 583 3214 illius
608 3154 717 3213 arduae
736 3161 941 3212 controversae
958 3152 994 3210 de
1012 3149 1215 3212 celebratione·

26 3223 58 3286 iei
73 3231 219 3302 Paschalis
236 3241 348 3316 luisse,
377 3250 472 3302 utrum
489 3232 601 3318 ittonae
619 3261 656 3302 an
675 3235 800 3316 ἔνζυμος
818 3237 902 3319 panis
927 3237 956 3298 in
982 3258 1075 3300 coena
1092 3237 1211 3300 Domini
1267 3275 1271 3282 ·
1312 3262 1320 3272 ·

26 3313 175 3388 tllt‘rbcndus
192 3328 247 3411 sit,
270 3327 341 3389 illud
360 3327 502 3406 Latinos,
519 3329 574 3390 hoc
593 3328 723 3390 Graecos
741 3327 909 3388 adseruisse
933 3347 1046 3408 suoque
1073 3326 1209 3407 exemplo

26 3397 103 3499 {bristi
124 3411 230 3478 formum
258 3417 477 3498 exprimendum
502 3437 567 3478 csse
591 3416 758 3482 arbitratos.
804 3415 1001 3476 Consentiunt
1024 3415 1080 3494 ipsi
1107 3413 1210 3477 Calvi-

26 3492 94 3567 nani,
120 3499 267 3569 Christum
284 3505 394 3586 azymis
410 3525 497 3576 usum
516 3525 598 3581 esse,
616 3525 690 3585 quos
708 3504 784 3565 inter
801 3503 985 3564 nominamus
1003 3499 1210 3578 Buxtoritium,

26 3571 217 3671 lasaubonum,
245 3591 457 3673 Lightiootium
475 3598 504 3653 et
520 3592 717 3672 apostolorum
744 3582 921 3672 temporibris
945 3577 1119 3671 ἀδιάφορον
1137 3597 1210 3665 erat,

26 3671 37 3719 *²
56 3687 209 3755 anteaquam
235 3681 343 3743 diserte
369 3702 427 3740 non
451 3678 581 3760 legimns
603 3681 634 3740 in
659 3679 828 3758 Scriptura,
853 3675 1003 3758 apostolos
1026 3674 1113 3755 itque
1130 3675 1209 3736 viros

26 3757 171 3826 ¹l0stolieos
196 3769 305 3850 azymis
331 3767 456 3849 panibus
480 3788 544 3830 csse
569 3788 656 3844 usos,
683 3766 835 3848 probabile
853 3775 948 3826 tamen
966 3773 1026 3836 cst,
1050 3763 1108 3822 imo
1127 3771 1211 3826 extra

26 3855 110 3906 tmurm
126 3849 201 3916 litem
221 3857 355 3936 positum,
373 3857 451 3918 uiros
463 3842 702 3924 θεοπνεύστους
719 3864 746 3916 et
762 3851 935 3914 orthodoxia
952 3849 1128 3931 conspicuos
1146 3871 1209 3914 rem
1241 3877 1243 3884 ¹

26 3942 62 3986 ma
84 3943 185 4016 natura
197 3935 369 4026 ἀδιάφορον
393 3925 657 4004 et‘indiilerentem
680 3942 710 4002 in
728 3945 836 4016 dogma
853 3939 918 4000 fidei
939 3959 997 3998 non
1015 3938 1208 4018 convertisse,

26 4029 90 4087 tuum
107 4027 239 4093 sciverint
257 4034 348 4112 bene,
368 4053 466 4094 rernm
485 4051 606 4111 panem,
625 4030 687 4092 sire
704 4031 743 4092 sit
758 4021 871 4105 ἄζυμος
889 4027 952 4088 sive
970 4023 1103 4104 ἔνζυμος,
1122 4027 1209 4088 suili-

26 4115 83 4166 ιιιι.
108 4109 231 4196 interim,
249 4130 345 4182 utrum
362 4118 442 4180 illum
461 4139 498 4180 an
514 4119 592 4180 huuc
609 4138 712 4198 panem
731 4112 1046 4196 apostolihabuerint‚
1064 4113 1096 4174 iu
1112 4113 1208 4176 medio

26 4183 206 4284 'alioquim'
230 4207 300 4270 nihil
320 4207 377 4284 bie,
400 4215 515 4269 tacente
532 4205 702 4287 Scriptura,
725 4205 941 4274 adseverantes.
989 4201 1122 4264 invectos
1139 4221 1209 4266 esso

26 4290 44 4328 o
64 4283 206 4356 ecelesiam
232 4299 269 4358 ab
293 4295 461 4374 Alexandro
484 4296 506 4357 l.
533 4314 623 4375 panes
647 4313 781 4374 azymos,
806 4290 910 4352 tabula
934 4299 988 4352 ost.
1038 4290 1125 4368 Quod
1149 4288 1209 4350 diei

26 4364 149 4457 aperiatis
172 4382 393 4453 celebrationem
419 4390 533 4462 spectat
555 4393 582 4444 et
598 4379 749 4460 sigillatim
767 4377 995 4442 controuersiam
1011 4375 1109 4450 illam,
1132 4395 1208 4456 quac

27 4444 60 4510 bo
75 4465 178 4532 vexarit
193 4473 357 4552 ecclesiam,
373 4492 423 4536 res
440 4471 480 4544 ita
493 4473 590 4536 habet.
613 4467 773 4534 Christiani
791 4468 820 4530 in
834 4467 903 4530 hsia
920 4465 1045 4546 aliisque
1061 4464 1091 4524 in
1108 4459 1207 4526 ecole-
