2968 4896
310 219 347 282 de
362 218 621 301 procrastinatione
636 219 867 309 baptismiapad
883 229 1010 288 ueteres.
1195 221 1259 288 tas

66 413 159 474 qunupre
175 399 408 473 procrastinandi,
427 403 456 458 in
473 398 571 477 aniius
586 403 701 458 bnmtio
715 409 887 478 prueparute
904 407 952 470 sot,
971 409 1030 459 tam
1045 399 1196 476 cispinibno
1211 419 1262 478 per

67 491 247 560 maturitatem,
263 505 346 564 quana
361 487 452 546 uiduis
467 507 517 564 pan
531 492 721 562 nepotianum,
746 489 831 546 donec
846 497 894 548 aut
909 488 1014 547 nubunt
1030 497 1080 547 curt
1093 492 1261 548 continuatio
1365 525 1367 532 ι

67 573 269 631 corroborentur.
308 570 373 632 Hoc
390 571 565 632 Tertulliani
584 573 829 634 inconsideratam
855 581 883 635 et
905 573 1087 636 temerariam
1106 574 1259 635 consiliam

67 657 169 718 aoniam
195 658 327 738 baptismi
353 659 644 740 procrastinationem
667 660 772 722 eximie
796 661 922 741 adjacit,
954 661 1021 722 licat
1045 659 1171 722 rationes
1196 662 1261 741 ejus

69 745 141 805 uallo
157 746 267 808 debiles
284 747 351 822 siut,
369 763 399 807 nr
417 747 511 826 quiris
527 747 595 808 illas
614 769 670 807 non
689 748 820 826 populari
838 748 955 823 trutina,
979 749 1030 808 seul
1050 747 1180 809 auriliuis
1198 760 1261 810 sta-

69 841 119 892 tera
134 835 301 894 examinans
319 846 469 909 agnoscet,
495 845 521 896 ea
539 835 574 898 H.
593 835 642 897 W.
660 834 827 897 Schmidius
845 836 889 911 (in
906 838 1079 898 meditatione
1096 838 1261 914 cinctuque·

69 922 183 980 trieterica
206 923 239 980 rle
262 923 396 1000 baptismo
419 925 574 1000 infantum,
599 923 756 983 uernacula
774 921 878 1002 lingua
895 926 987 997 edita,
1014 945 1042 1004 p.
1058 926 1098 984 52
1117 926 1156 999 s.)
1176 945 1261 984 uron-

69 1008 155 1068 strarit
186 1007 348 1084 Gregorius
361 1010 564 1072 Nazianzenus
581 1030 698 1090 qnoque
716 1021 786 1071 orat.
803 1013 833 1073 3.
850 1014 884 1072 de
902 1011 1018 1072 invenero
1036 1010 1171 1091 rapiebat
1188 1015 1262 1092 trap-

69 1095 168 1154 tismum
184 1095 311 1170 dilierri,
336 1117 429 1178 usqae
453 1102 520 1158 dum
538 1099 676 1178 paruulus
694 1096 877 1159 adolesceret
899 1111 926 1160 et
949 1101 985 1160 dc
1002 1119 1036 1160 eo
1053 1098 1261 1177 interrogatas,

69 1182 104 1241 rel
120 1183 223 1262 aliquid
240 1182 344 1245 saltem
363 1187 539 1266 respondere
558 1194 675 1266 posset3
694 1188 817 1246 addebat
833 1197 946 1248 auteur:
963 1185 988 1247 si
1008 1207 1054 1246 ree
1073 1207 1135 1248 eaor
1155 1207 1262 1248 maram
1289 1187 1290 1190 ’

69 1279 197 1348 pateretur
213 1291 268 1331 uec
284 1273 446 1351 periculum
465 1272 564 1334 mortis
584 1281 770 1334 metueretur.
790 1307 828 1319 -
854 1271 881 1354 ξ.
897 1272 927 1335 4.
946 1273 1103 1335 Praeterea
1119 1273 1262 1335 irnsaatnm

69 1357 140 1416 siunal
158 1366 185 1416 et
200 1359 365 1421 adultorum
383 1359 547 1438 baptismus
563 1360 592 1419 ia
611 1363 669 1420 diae
685 1363 771 1436 festos
789 1361 963 1440 praecipuos
980 1363 1057 1440 apud
1076 1369 1190 1428 volueres
1207 1364 1263 1422 ad·

68 1441 114 1504 hae
128 1443 329 1507 differrebatur
345 1446 539 1527 frequentias.
572 1447 720 1524 Quorsum
740 1447 864 1527 pertinet
881 1450 913 1522 ll
931 1447 1029 1508 ditatio
1046 1455 1076 1509 in
1092 1451 1192 1523 [mtrem
1206 1471 1263 1510 na-

68 1539 168 1594 licitatio
182 1539 251 1595 deser
271 1537 374 1596 Christi
390 1554 445 1596 sca
461 1533 668 1614 theophaniae,
685 1537 778 1616 quod,
797 1537 1039 1614 quemadmodum
1059 1533 1193 1596 Christus
1211 1557 1262 1616 pro

70 1621 139 1682 nobis
154 1633 240 1682 aatas
259 1632 319 1697 est,
345 1622 389 1684 sic
407 1629 435 1683 ei
456 1643 510 1686 aas
534 1623 564 1700 ip
585 1621 702 1684 Christo
727 1622 843 1683 renasci
868 1629 1007 1700 oporteat.
1043 1622 1077 1700 2)
1103 1621 1135 1682 ln
1160 1625 1264 1698 festum

69 1712 244 1786 Epiphanius,
271 1731 328 1790 qao
352 1708 536 1791 quadruplex
561 1709 757 1770 manifestatio
774 1710 845 1770 lesa
862 1707 987 1786 Christi,
1012 1729 1064 1790 per
1086 1708 1263 1772 nativitatem

70 1795 351 1874 seil.„arloratioaem
369 1819 539 1876 magorum,
564 1795 736 1877 birptismuur
755 1806 782 1858 ct
798 1795 970 1857 miraculum
987 1796 1112 1877 deniqne
1129 1797 1263 1876 primam,

72 1882 154 1944 Canae
171 1884 289 1960 editura,
314 1905 368 1966 por
384 1885 523 1948 orientem
541 1885 674 1957 mraxime,
700 1883 844 1964 singulari
861 1882 1035 1946 solennitate
1053 1883 1264 1958 celebrabatur,

70 1970 108 2029 nbi
126 1993 179 2032 noa
194 1972 292 2034 solam
317 1972 455 2036 memoria
480 1972 573 2052 ipsius
591 1970 698 2034 natalis
722 1992 756 2033 eo
782 1972 828 2032 die
852 1974 987 2034 obeunda
1013 1971 1176 2032 diuturnior
1198 1971 1265 2050 fuit,

70 2061 258 2121 verumetiam
285 2057 417 2122 solennis
439 2060 601 2140 baptismus
625 2059 654 2120 in
680 2059 745 2140 ipsc
769 2059 891 2140 primum
915 2059 990 2120 sesto
1017 2059 1139 2142 ejusque
1163 2057 1266 2139 uigilia

70 2157 210 2224 nocturna,
236 2158 341 2227 postea
357 2147 450 2229 pridie
467 2146 683 2210 catechumenis
699 2150 803 2220 datus,
828 2147 1076 2208 consecrationem
1095 2146 1222 2227 peperit,
1248 2167 1266 2210 a

25 2287 26 2292 ,
70 2253 119 2297 sec.
135 2235 161 2297 5.
186 2234 347 2298 aGrneris
373 2237 468 2297 adhuc
494 2237 560 2296 dura
583 2236 721 2296 usitatam
746 2232 902 2315 multisque
924 2233 1119 2311 religionibus
1145 2233 1266 2313 conspi-

70 2339 150 2384 cuam.
177 2324 209 2386 Si
227 2344 299 2385 reno
315 2326 351 2386 ab
370 2322 498 2384 eeclesia
515 2321 652 2384 Airicaua
669 2321 856 2394 discedimus,
874 2319 980 2401 reliqui
999 2333 1100 2383 coctas
1117 2342 1169 2401 per
1185 2320 1266 2382 occi-

71 2409 185 2490 dentem,
211 2411 385 2490 baptismum
402 2408 562 2472 solemnem
581 2412 635 2472 hcc
652 2408 728 2471 festo
745 2429 803 2470 non
828 2409 1081 2484 administrarant,
1104 2407 1172 2470 licet
1189 2429 1266 2469 aca-

70 2496 156 2559 nallae
180 2498 326 2560 ecclesiae
352 2498 423 2560 satis
449 2498 497 2559 diu
524 2497 688 2560 memoriam
715 2495 849 2576 baptismi
867 2495 976 2558 Christi
1001 2517 1035 2557 eo
1059 2495 1105 2557 die
1131 2495 1266 2558 obierint.

71 2581 161 2645 Graeci
185 2586 291 2648 deiurio
307 2586 429 2650 Latinos
446 2585 563 2660 imitati,
587 2585 712 2646 natalem
730 2583 848 2645 Domini
872 2583 901 2644 iu
919 2583 994 2645 diem
1012 2583 1064 2645 2⁵.
1079 2584 1152 2646 Dec.
1169 2591 1266 2646 traus-

71 2669 198 2750 tnleraat,
223 2673 324 2736 Latini
342 2694 409 2735 nero
429 2672 563 2751 baptisari
580 2672 747 2753 memoriam
766 2671 931 2752 rejecerant
951 2671 981 2731 ia
997 2680 1126 2733 ortanam
1144 2671 1267 2753 epipha-

73 2757 127 2819 niae
150 2781 173 2821 s.
199 2761 275 2822 diem
295 2761 346 2825 13.
361 2760 537 2842 januarii*).
576 2761 638 2822 Nos
660 2767 694 2820 at
718 2758 921 2820 eonhrraemas
945 2759 1088 2820 hactenus
1112 2759 1208 2834 dicta,
1232 2780 1268 2820 cx

72 2843 193 2919 Gregorii
223 2851 298 2910 Nae.
336 2861 408 2912 orat.
439 2855 469 2910 in
500 2858 599 2910 sanata
632 2849 733 2925 Epiplr.
766 2849 888 2922 lomina,
927 2845 1080 2926 sequentia
1113 2856 1267 2906 notamus:

72 2945 188 3009 suarius,
212 2934 325 3016 inquit,
353 2938 489 2997 ieronimum
506 2938 578 3010 dies,
602 2937 640 2994 ad
656 2955 733 3014 quern
749 2939 922 3011 penoeaimne
937 2954 1067 3013 quemque
1082 2935 1160 2993 hodie
1175 2935 1268 2994 diuino

71 3021 415 3101 leneirio‘celebruuimus,
443 3026 544 3084 Christi
566 3027 636 3099 mei,
660 3025 688 3082 b.
705 3043 728 3082 e.
748 3041 829 3082 uerna
851 3023 938 3091 trumo,
965 3040 1071 3080 omnem
1086 3021 1221 3079 bominem
1238 3025 1268 3079 ia

72 3111 186 3172 anundum
199 3118 350 3174 ornanum
366 3114 574 3196 illuminantis„
591 3112 757 3190 baptismum
774 3109 864 3170 babet.
895 3106 983 3170 ltem:
1019 3108 1144 3168 Gloriatur
1160 3108 1268 3167 illumi-

127 3315 152 3381 *l
170 3317 331 3385 Hubesspnn'c
353 3317 447 3368 iectura
475 3316 669 3383 epiphaniorum
696 3315 838 3379 caeprianus
860 3312 956 3363 Cheimo·
979 3319 1006 3363 et
1026 3311 1133 3376 Goptn'tr's
1151 3310 1206 3360 dies
1223 3311 1270 3359 inr-

72 3385 187 3435 nern'onn'e
203 3395 313 3436 suamne
331 3387 441 3449 dicitur,
466 3385 491 3435 in
513 3385 666 3452 memorium,
683 3384 803 3450 baptismi
823 3383 970 3434 servatoris
990 3381 1095 3448 optimi,
1122 3395 1194 3446 qoem
1219 3380 1269 3430 isto

74 3451 107 3501 iic
123 3457 273 3520 contigisse,
300 3471 345 3522 pro
365 3461 436 3506 certo
455 3455 567 3517 habeut,
593 3453 722 3504 referente
742 3451 859 3503 Cerialia
878 3452 896 3501 i.
919 3467 943 3502 e.
962 3467 988 3518 p.
1009 3451 1068 3504 120.
1107 3448 1183 3500 immo
1202 3455 1270 3499 teste

73 3517 203 3574 l.Ladulin
223 3525 240 3575 t.
259 3541 283 3574 c.
305 3531 371 3585 (aot.
385 3525 413 3588 d)
433 3523 505 3573 acuis
522 3524 627 3588 ianuar.
648 3524 753 3590 ipsoque
774 3523 837 3572 adeo
858 3520 923 3570 iasio
942 3519 1135 3586 epiphaniorum
1155 3531 1201 3567 rex
1221 3515 1271 3567 ila-
1321 3560 1327 3566 .

74 3587 226 3658 bessyaornm
248 3609 305 3643 cam
327 3593 402 3643 aulae
421 3607 484 3642 suae
503 3592 671 3658 primoribus.
692 3591 857 3656 metropolita
877 3604 933 3639 cam
952 3587 1068 3650 clericis,
1092 3586 1191 3635 nabiles
1213 3599 1270 3635 cum

75 3657 182 3725 plebeiis,
207 3677 284 3714 senes
304 3668 330 3712 et
344 3662 455 3726 juvenes
475 3662 501 3710 ia
523 3661 627 3711 ttamiaa
645 3661 688 3710 vol
707 3667 799 3722 stagna
818 3657 879 3708 nudi
904 3663 963 3707 autc
983 3662 1066 3716 ortam
1086 3654 1147 3704 sotis
1165 3654 1272 3702 deseen-

76 3725 128 3778 iant
149 3729 293 3798 ibidemque
313 3731 471 3782 mansitando
492 3745 548 3780 sesa
568 3730 665 3780 laetum
691 3729 757 3777 aliem
778 3733 866 3790 agnat.
903 3725 941 3775 Dc
966 3738 1016 3790 qua
1036 3722 1190 3773 solennitate
1210 3737 1272 3802 qaa-

75 3798 135 3847 tanni
154 3799 219 3850 conf.
240 3801 319 3852 etiam
343 3803 397 3864 jaun
419 3814 497 3865 snpra
518 3798 647 3848 excitatns
667 3795 777 3848 witti
794 3797 813 3846 l.
833 3811 856 3844 o.
877 3810 902 3860 p.
922 3793 955 3847 42
974 3807 1014 3856 s.‚
1042 3791 1084 3856 qui
1112 3805 1136 3856 p.
1155 3788 1199 3840 43.
1226 3790 1271 3870 ullo

76 3877 150 3916 errore
175 3869 239 3918 bane
260 3869 452 3919 reiterationem
472 3867 592 3932 baptismi
613 3867 785 3916 introductam
808 3877 865 3914 esse
885 3861 983 3924 eradit,
1014 3875 1062 3924 quo
1092 3865 1119 3908 et
1141 3864 1273 3908 recentior

76 3941 124 3996 post
140 3938 309 4002 apostoloram
327 3944 445 4004 tempora
463 3936 575 3986 ecelesia
593 3935 699 3986 seducta
719 3939 792 3996 erat,
820 3937 929 3997 putans,
951 3935 1009 3996 post
1027 3927 1180 4008 baptismum
1198 3926 1271 3992 lapso

78 4007 192 4064 peccatori
212 4007 308 4057 unllam
327 4006 431 4057 divinae
450 4005 550 4069 gratiae
570 4005 652 4054 locam
673 4018 740 4065 esse,
761 4001 782 4050 si
804 3999 883 4051 semel
902 4013 933 4048 ea
952 3997 1095 4057 excideram
1116 3995 1184 4045 aude
1204 3996 1272 4046 bunc

78 4067 188 4135 baptismo
209 4075 260 4126 aiio
280 4075 363 4126 deruao
385 4073 588 4139 recuperandam
609 4087 665 4123 csse
685 4071 751 4122 falso
771 4073 980 4120 autnnmavcrunt.
1017 4065 1113 4116 Eodem
1132 4079 1219 4114 errore
1238 4065 1273 4114 ri·

78 4143 121 4188 tum
139 4151 300 4209 propagatam
320 4159 387 4208 esse,
406 4143 560 4209 colloquium
579 4140 742 4208 imperatoris
761 4153 817 4188 cnm
831 4135 968 4187 Alvnrezio
987 4134 1090 4186 testari.
1126 4133 1165 4184 tin
1182 4133 1272 4184 eodem
1374 4135 1376 4145 '

78 4211 190 4262 sententia
209 4213 292 4264 adbuc
311 4213 378 4280 apud
397 4227 442 4264 eos
460 4211 581 4262 lurcatur
598 4217 644 4262 aat
662 4224 721 4260 naus
744 4212 861 4258 correcta
883 4212 973 4270 postca
997 4204 1047 4268 sit,
1074 4202 1126 4253 ritu
1152 4202 1271 4252 traducto

79 4275 105 4324 td
121 4282 260 4332 memoriam
279 4282 398 4348 baptismi
413 4281 520 4344 Christi,
540 4296 589 4330 acu
609 4284 679 4330 certo
699 4281 818 4327 coactare
838 4274 910 4324 dicit.
933 4271 1004 4325 lianc
1023 4270 1143 4338 baptismi
1162 4281 1271 4348 ananam

79 4351 328 4402 commemorationem
349 4350 510 4402 tolerabilem
531 4355 607 4416 potat
626 4346 716 4410 liaeo
737 4343 877 4396 Grotius
898 4358 939 4410 ep.
967 4341 998 4393 ad
1019 4339 1108 4392 Patr.
1130 4337 1271 4402 lieytrn-

80 4413 171 4484 siam,
191 4434 256 4485 qaae
273 4427 314 4473 cst
331 4421 399 4472 iuter
418 4419 473 4485 ejas
492 4434 533 4486 cp.
553 4417 613 4470 444.
