<?xml version="1.0" encoding="UTF-8"?>
<!DOCTYPE html PUBLIC "-//W3C//DTD XHTML 1.0 Transitional//EN"
    "http://www.w3.org/TR/xhtml1/DTD/xhtml1-transitional.dtd">
<html xmlns="http://www.w3.org/1999/xhtml" xml:lang="en" lang="en">
 <head>
  <title>
</title>
<meta http-equiv="Content-Type" content="text/html;charset=utf-8" />
  <meta name='ocr-system' content='tesseract 3.04.00' />
  <meta name='ocr-capabilities' content='ocr_page ocr_carea ocr_par ocr_line ocrx_word'/>
</head>
<body>
  <div class='ocr_page' id='page_1' title='image "./thesauruscommen00volbgoog_0144.png"; bbox 0 0 2968 4896; ppageno 0'>
   <div class='ocr_carea' id='block_1_1' title="bbox 525 1226 768 1316">
    <p class='ocr_par' dir='ltr' id='par_1_1' title="bbox 525 1226 768 1316">
     <span class='ocr_line' id='line_1_1' title="bbox 525 1226 768 1316; baseline 0.012 -3"><span class='ocrx_word' id='word_1_1' title='bbox 525 1226 768 1316; x_wconf 84' lang='lat' dir='ltr'>xxxvlt.</span> 
     </span>
    </p>
   </div>
   <div class='ocr_carea' id='block_1_2' title="bbox 65 1435 1256 1840">
    <p class='ocr_par' dir='ltr' id='par_1_2' title="bbox 65 1435 1256 1840">
     <span class='ocr_line' id='line_1_2' title="bbox 65 1435 1256 1538; baseline 0.006 -7"><span class='ocrx_word' id='word_1_2' title='bbox 65 1439 155 1532; x_wconf 76' lang='lat' dir='ltr'>tier.</span> <span class='ocrx_word' id='word_1_3' title='bbox 190 1435 512 1536; x_wconf 85' lang='lat' dir='ltr'>Guilielmus</span> <span class='ocrx_word' id='word_1_4' title='bbox 550 1447 899 1538; x_wconf 86' lang='lat' dir='ltr'>Wiedenfeld</span> <span class='ocrx_word' id='word_1_5' title='bbox 934 1449 995 1536; x_wconf 74' lang='lat' dir='ltr'>‘de</span> <span class='ocrx_word' id='word_1_6' title='bbox 1032 1435 1256 1538; x_wconf 86' lang='lat' dir='ltr'>exorcismi</span> 
     </span>
     <span class='ocr_line' id='line_1_3' title="bbox 66 1579 1256 1706; baseline 0.005 -40"><span class='ocrx_word' id='word_1_7' title='bbox 66 1579 223 1696; x_wconf 79' lang='lat' dir='ltr'>origine,</span> <span class='ocrx_word' id='word_1_8' title='bbox 265 1583 497 1673; x_wconf 79' lang='lat' dir='ltr'>mutatione</span> <span class='ocrx_word' id='word_1_9' title='bbox 538 1585 675 1696; x_wconf 90' lang='lat' dir='ltr'>deque</span> <span class='ocrx_word' id='word_1_10' title='bbox 715 1585 841 1706; x_wconf 86' lang='lat' dir='ltr'>hujus</span> <span class='ocrx_word' id='word_1_11' title='bbox 881 1585 987 1672; x_wconf 85' lang='lat' dir='ltr'>ritus</span> <span class='ocrx_word' id='word_1_12' title='bbox 1028 1587 1256 1702; x_wconf 82' lang='lat' dir='ltr'>peragendi</span> 
     </span>
     <span class='ocr_line' id='line_1_4' title="bbox 441 1722 1111 1840; baseline 0.006 -30"><span class='ocrx_word' id='word_1_13' title='bbox 441 1796 449 1821; x_wconf 72' lang='lat'>,</span> <span class='ocrx_word' id='word_1_14' title='bbox 532 1722 696 1812; x_wconf 82' lang='lat' dir='ltr'>ratione</span> <span class='ocrx_word' id='word_1_15' title='bbox 708 1723 761 1840; x_wconf 73' lang='lat'>⁴¹).</span> <span class='ocrx_word' id='word_1_16' title='bbox 1040 1752 1045 1758; x_wconf 87' lang='lat'>·</span> <span class='ocrx_word' id='word_1_17' title='bbox 1109 1723 1111 1730; x_wconf 80' lang='grc'><strong>’</strong></span> 
     </span>
    </p>
   </div>
   <div class='ocr_carea' id='block_1_3' title="bbox 31 1970 1339 3994">
    <p class='ocr_par' dir='ltr' id='par_1_3' title="bbox 31 1970 1339 3024">
     <span class='ocr_line' id='line_1_5' title="bbox 131 1970 1254 2062; baseline 0.005 -28"><span class='ocrx_word' id='word_1_18' title='bbox 131 1971 205 2036; x_wconf 83' lang='lat' dir='ltr'><strong>Inter</strong></span> <span class='ocrx_word' id='word_1_19' title='bbox 217 1993 329 2054; x_wconf 87' lang='lat' dir='ltr'>omnes,</span> <span class='ocrx_word' id='word_1_20' title='bbox 346 1995 538 2059; x_wconf 88' lang='lat' dir='ltr'>quoscunque</span> <span class='ocrx_word' id='word_1_21' title='bbox 554 1975 713 2060; x_wconf 72' lang='lat' dir='ltr'>antiquitas</span> <span class='ocrx_word' id='word_1_22' title='bbox 727 1975 888 2040; x_wconf 88' lang='lat' dir='ltr'>christiana</span> <span class='ocrx_word' id='word_1_23' title='bbox 903 1977 941 2040; x_wconf 91' lang='lat' dir='ltr'>ad</span> <span class='ocrx_word' id='word_1_24' title='bbox 955 1970 1131 2059; x_wconf 71' lang='lat' dir='ltr'>baptismum</span> <span class='ocrx_word' id='word_1_25' title='bbox 1147 1977 1254 2062; x_wconf 81' lang='lat' dir='ltr'>adjun-</span> 
     </span>
     <span class='ocr_line' id='line_1_6' title="bbox 63 2055 1254 2148; baseline 0.009 -31"><span class='ocrx_word' id='word_1_26' title='bbox 63 2055 103 2136; x_wconf 82' lang='lat' dir='ltr'>xit,</span> <span class='ocrx_word' id='word_1_27' title='bbox 117 2059 184 2123; x_wconf 88' lang='lat' dir='ltr'>ritus</span> <span class='ocrx_word' id='word_1_28' title='bbox 202 2061 305 2126; x_wconf 87' lang='lat' dir='ltr'>nultus</span> <span class='ocrx_word' id='word_1_29' title='bbox 321 2063 390 2126; x_wconf 86' lang='lat' dir='ltr'>mihi</span> <span class='ocrx_word' id='word_1_30' title='bbox 408 2085 452 2142; x_wconf 88' lang='lat' dir='ltr'>ea,</span> <span class='ocrx_word' id='word_1_31' title='bbox 477 2085 535 2148; x_wconf 87' lang='lat' dir='ltr'>qua</span> <span class='ocrx_word' id='word_1_32' title='bbox 552 2065 814 2148; x_wconf 79' lang='lat' dir='ltr'>exorcismus,</span> <span class='ocrx_word' id='word_1_33' title='bbox 843 2065 1023 2128; x_wconf 72' lang='lat' dir='ltr'>obscuritate</span> <span class='ocrx_word' id='word_1_34' title='bbox 1040 2065 1154 2128; x_wconf 84' lang='lat' dir='ltr'>ridetur</span> <span class='ocrx_word' id='word_1_35' title='bbox 1169 2065 1254 2128; x_wconf 89' lang='lat' dir='ltr'>inre·</span> 
     </span>
     <span class='ocr_line' id='line_1_7' title="bbox 61 2139 1255 2238; baseline 0.012 -34"><span class='ocrx_word' id='word_1_36' title='bbox 61 2139 134 2209; x_wconf 88' lang='lat' dir='ltr'>lutus.</span> <span class='ocrx_word' id='word_1_37' title='bbox 169 2151 253 2230; x_wconf 78' lang='lat' dir='ltr'>Quod</span> <span class='ocrx_word' id='word_1_38' title='bbox 271 2172 324 2212; x_wconf 87' lang='lat' dir='ltr'>cur</span> <span class='ocrx_word' id='word_1_39' title='bbox 340 2153 476 2216; x_wconf 88' lang='lat' dir='ltr'>miremur</span> <span class='ocrx_word' id='word_1_40' title='bbox 493 2147 602 2234; x_wconf 78' lang='lat' dir='ltr'>duplex</span> <span class='ocrx_word' id='word_1_41' title='bbox 621 2161 665 2216; x_wconf 83' lang='lat' dir='ltr'>est</span> <span class='ocrx_word' id='word_1_42' title='bbox 683 2175 783 2232; x_wconf 88' lang='lat' dir='ltr'>causa,</span> <span class='ocrx_word' id='word_1_43' title='bbox 808 2177 896 2238; x_wconf 88' lang='lat' dir='ltr'>quum</span> <span class='ocrx_word' id='word_1_44' title='bbox 914 2175 972 2216; x_wconf 89' lang='lat' dir='ltr'>non</span> <span class='ocrx_word' id='word_1_45' title='bbox 989 2155 1073 2216; x_wconf 88' lang='lat' dir='ltr'>modo</span> <span class='ocrx_word' id='word_1_46' title='bbox 1091 2155 1255 2235; x_wconf 80' lang='lat' dir='ltr'>praeteritis</span> 
     </span>
     <span class='ocr_line' id='line_1_8' title="bbox 63 2237 1255 2326; baseline 0.009 -33"><span class='ocrx_word' id='word_1_47' title='bbox 63 2237 227 2320; x_wconf 83' lang='lat' dir='ltr'>temporibus,</span> <span class='ocrx_word' id='word_1_48' title='bbox 244 2239 385 2302; x_wconf 84' lang='lat' dir='ltr'>uniuersa</span> <span class='ocrx_word' id='word_1_49' title='bbox 400 2239 430 2301; x_wconf 89' lang='lat' dir='ltr'>in</span> <span class='ocrx_word' id='word_1_50' title='bbox 447 2239 573 2304; x_wconf 83' lang='lat' dir='ltr'>ecclesia</span> <span class='ocrx_word' id='word_1_51' title='bbox 590 2241 638 2304; x_wconf 89' lang='lat' dir='ltr'>hic</span> <span class='ocrx_word' id='word_1_52' title='bbox 654 2243 727 2306; x_wconf 88' lang='lat' dir='ltr'>ritus</span> <span class='ocrx_word' id='word_1_53' title='bbox 739 2243 882 2326; x_wconf 89' lang='lat' dir='ltr'>baptismo</span> <span class='ocrx_word' id='word_1_54' title='bbox 895 2241 1059 2304; x_wconf 85' lang='lat' dir='ltr'>firmissime</span> <span class='ocrx_word' id='word_1_55' title='bbox 1076 2241 1165 2304; x_wconf 82' lang='lat' dir='ltr'>fuerit</span> <span class='ocrx_word' id='word_1_56' title='bbox 1181 2264 1255 2304; x_wconf 89' lang='lat' dir='ltr'>con-</span> 
     </span>
     <span class='ocr_line' id='line_1_9' title="bbox 31 2319 1255 2414; baseline 0.009 -32"><span class='ocrx_word' id='word_1_57' title='bbox 31 2398 32 2408; x_wconf 23' lang='lat'>,</span> <span class='ocrx_word' id='word_1_58' title='bbox 60 2319 175 2404; x_wconf 83' lang='lat' dir='ltr'>junctus,</span> <span class='ocrx_word' id='word_1_59' title='bbox 198 2327 249 2388; x_wconf 86' lang='lat' dir='ltr'>scd</span> <span class='ocrx_word' id='word_1_60' title='bbox 268 2339 370 2389; x_wconf 88' lang='lat' dir='ltr'>nostro</span> <span class='ocrx_word' id='word_1_61' title='bbox 391 2332 596 2411; x_wconf 73' lang='lat' dir='ltr'>quoqdeaero</span> <span class='ocrx_word' id='word_1_62' title='bbox 621 2330 782 2407; x_wconf 82' lang='lat' dir='ltr'>extiterint,</span> <span class='ocrx_word' id='word_1_63' title='bbox 808 2331 857 2414; x_wconf 89' lang='lat' dir='ltr'>qni</span> <span class='ocrx_word' id='word_1_64' title='bbox 874 2329 1000 2394; x_wconf 83' lang='lat' dir='ltr'>vincetis</span> <span class='ocrx_word' id='word_1_65' title='bbox 1018 2351 1083 2391; x_wconf 83' lang='lat' dir='ltr'>eure</span> <span class='ocrx_word' id='word_1_66' title='bbox 1102 2330 1255 2393; x_wconf 80' lang='lat' dir='ltr'>exsolvere</span> 
     </span>
     <span class='ocr_line' id='line_1_10' title="bbox 64 2411 1255 2501; baseline 0.008 -31"><span class='ocrx_word' id='word_1_67' title='bbox 64 2411 319 2495; x_wconf 72' lang='lat' dir='ltr'>aggredianonr”).</span> <span class='ocrx_word' id='word_1_68' title='bbox 348 2415 474 2480; x_wconf 85' lang='lat' dir='ltr'>Omnino</span> <span class='ocrx_word' id='word_1_69' title='bbox 491 2415 591 2500; x_wconf 90' lang='lat' dir='ltr'>itaque</span> <span class='ocrx_word' id='word_1_70' title='bbox 609 2439 715 2501; x_wconf 84' lang='lat' dir='ltr'>operae</span> <span class='ocrx_word' id='word_1_71' title='bbox 734 2417 855 2501; x_wconf 88' lang='lat' dir='ltr'>pretium</span> <span class='ocrx_word' id='word_1_72' title='bbox 873 2418 995 2494; x_wconf 83' lang='lat' dir='ltr'>violetur,</span> <span class='ocrx_word' id='word_1_73' title='bbox 1016 2415 1168 2479; x_wconf 86' lang='lat' dir='ltr'>clariorem</span> <span class='ocrx_word' id='word_1_74' title='bbox 1185 2417 1255 2480; x_wconf 84' lang='lat' dir='ltr'>huic</span> 
     </span>
     <span class='ocr_line' id='line_1_11' title="bbox 63 2498 1255 2588; baseline 0.011 -33"><span class='ocrx_word' id='word_1_75' title='bbox 63 2498 95 2557; x_wconf 90' lang='lat' dir='ltr'>rei</span> <span class='ocrx_word' id='word_1_76' title='bbox 111 2500 194 2564; x_wconf 84' lang='lat' dir='ltr'>iucem</span> <span class='ocrx_word' id='word_1_77' title='bbox 211 2502 313 2566; x_wconf 87' lang='lat' dir='ltr'>afferri</span> <span class='ocrx_word' id='word_1_78' title='bbox 330 2513 417 2586; x_wconf 88' lang='lat' dir='ltr'>atque</span> <span class='ocrx_word' id='word_1_79' title='bbox 434 2503 503 2568; x_wconf 88' lang='lat' dir='ltr'>mihi</span> <span class='ocrx_word' id='word_1_80' title='bbox 520 2527 585 2569; x_wconf 85' lang='lat' dir='ltr'>esse</span> <span class='ocrx_word' id='word_1_81' title='bbox 603 2507 633 2568; x_wconf 92' lang='lat' dir='ltr'>in</span> <span class='ocrx_word' id='word_1_82' title='bbox 651 2509 734 2584; x_wconf 76' lang='lat' dir='ltr'>vetis,</span> <span class='ocrx_word' id='word_1_83' title='bbox 755 2505 926 2588; x_wconf 79' lang='lat' dir='ltr'>diligentins</span> <span class='ocrx_word' id='word_1_84' title='bbox 945 2527 1018 2584; x_wconf 86' lang='lat' dir='ltr'>carro,</span> <span class='ocrx_word' id='word_1_85' title='bbox 1039 2526 1124 2587; x_wconf 89' lang='lat' dir='ltr'>quum</span> <span class='ocrx_word' id='word_1_86' title='bbox 1140 2503 1255 2568; x_wconf 79' lang='lat' dir='ltr'>hecus-</span> 
     </span>
     <span class='ocr_line' id='line_1_12' title="bbox 64 2589 1254 2678; baseline 0.012 -34"><span class='ocrx_word' id='word_1_87' title='bbox 64 2605 106 2664; x_wconf 90' lang='lat' dir='ltr'>que</span> <span class='ocrx_word' id='word_1_88' title='bbox 121 2591 153 2650; x_wconf 86' lang='lat' dir='ltr'>ab</span> <span class='ocrx_word' id='word_1_89' title='bbox 168 2589 308 2654; x_wconf 79' lang='lat' dir='ltr'>historiae</span> <span class='ocrx_word' id='word_1_90' title='bbox 325 2593 547 2656; x_wconf 85' lang='lat' dir='ltr'>ecclesiasticae</span> <span class='ocrx_word' id='word_1_91' title='bbox 569 2593 761 2678; x_wconf 82' lang='lat' dir='ltr'>scriptoribus</span> <span class='ocrx_word' id='word_1_92' title='bbox 779 2596 886 2657; x_wconf 84' lang='lat' dir='ltr'>sactum</span> <span class='ocrx_word' id='word_1_93' title='bbox 903 2595 957 2671; x_wconf 88' lang='lat' dir='ltr'>sit,</span> <span class='ocrx_word' id='word_1_94' title='bbox 981 2599 1160 2676; x_wconf 86' lang='lat' dir='ltr'>pertractare</span> <span class='ocrx_word' id='word_1_95' title='bbox 1177 2594 1254 2658; x_wconf 82' lang='lat' dir='ltr'>haud</span> 
     </span>
     <span class='ocr_line' id='line_1_13' title="bbox 65 2671 1255 2766; baseline 0.01 -35"><span class='ocrx_word' id='word_1_96' title='bbox 65 2671 174 2738; x_wconf 86' lang='lat' dir='ltr'>diffiteor.</span> <span class='ocrx_word' id='word_1_97' title='bbox 195 2681 313 2742; x_wconf 83' lang='lat' dir='ltr'>Ardnae</span> <span class='ocrx_word' id='word_1_98' title='bbox 330 2680 445 2762; x_wconf 89' lang='lat' dir='ltr'>quidem</span> <span class='ocrx_word' id='word_1_99' title='bbox 462 2681 537 2760; x_wconf 83' lang='lat' dir='ltr'>riae,</span> <span class='ocrx_word' id='word_1_100' title='bbox 554 2704 627 2764; x_wconf 88' lang='lat' dir='ltr'>quas</span> <span class='ocrx_word' id='word_1_101' title='bbox 644 2683 719 2744; x_wconf 85' lang='lat' dir='ltr'>hanc</span> <span class='ocrx_word' id='word_1_102' title='bbox 736 2682 966 2764; x_wconf 83' lang='lat' dir='ltr'>disquisitionem</span> <span class='ocrx_word' id='word_1_103' title='bbox 983 2682 1169 2745; x_wconf 85' lang='lat' dir='ltr'>institutores</span> <span class='ocrx_word' id='word_1_104' title='bbox 1186 2703 1255 2766; x_wconf 89' lang='lat' dir='ltr'>per·</span> 
     </span>
     <span class='ocr_line' id='line_1_14' title="bbox 64 2767 1256 2852; baseline 0.012 -32"><span class='ocrx_word' id='word_1_105' title='bbox 64 2779 159 2826; x_wconf 88' lang='lat' dir='ltr'>currere</span> <span class='ocrx_word' id='word_1_106' title='bbox 175 2767 290 2848; x_wconf 88' lang='lat' dir='ltr'>debeat,</span> <span class='ocrx_word' id='word_1_107' title='bbox 317 2789 361 2831; x_wconf 89' lang='lat' dir='ltr'>me</span> <span class='ocrx_word' id='word_1_108' title='bbox 379 2769 495 2833; x_wconf 89' lang='lat' dir='ltr'>minime</span> <span class='ocrx_word' id='word_1_109' title='bbox 512 2769 621 2846; x_wconf 82' lang='lat' dir='ltr'>latent3</span> <span class='ocrx_word' id='word_1_110' title='bbox 646 2773 697 2832; x_wconf 91' lang='lat' dir='ltr'>sed</span> <span class='ocrx_word' id='word_1_111' title='bbox 716 2769 842 2833; x_wconf 87' lang='lat' dir='ltr'>maxime</span> <span class='ocrx_word' id='word_1_112' title='bbox 859 2770 954 2832; x_wconf 84' lang='lat' dir='ltr'>fretus</span> <span class='ocrx_word' id='word_1_113' title='bbox 971 2769 1170 2852; x_wconf 81' lang='lat' dir='ltr'>induigentia,</span> <span class='ocrx_word' id='word_1_114' title='bbox 1197 2789 1256 2852; x_wconf 82' lang='lat' dir='ltr'>qua</span> 
     </span>
     <span class='ocr_line' id='line_1_15' title="bbox 63 2847 1339 2942; baseline 0.012 -36"><span class='ocrx_word' id='word_1_115' title='bbox 63 2847 182 2916; x_wconf 80' lang='lat' dir='ltr'>benevole</span> <span class='ocrx_word' id='word_1_116' title='bbox 203 2851 308 2918; x_wconf 88' lang='lat' dir='ltr'>lectori</span> <span class='ocrx_word' id='word_1_117' title='bbox 328 2855 467 2938; x_wconf 81' lang='lat' dir='ltr'>juvenilis</span> <span class='ocrx_word' id='word_1_118' title='bbox 492 2857 596 2920; x_wconf 71' lang='lat' dir='ltr'>rietatis</span> <span class='ocrx_word' id='word_1_119' title='bbox 621 2853 702 2922; x_wconf 72' lang='lat' dir='ltr'>mend</span> <span class='ocrx_word' id='word_1_120' title='bbox 721 2858 870 2942; x_wconf 82' lang='lat' dir='ltr'>specimen</span> <span class='ocrx_word' id='word_1_121' title='bbox 886 2857 1016 2920; x_wconf 81' lang='lat' dir='ltr'>arridere</span> <span class='ocrx_word' id='word_1_122' title='bbox 1032 2857 1191 2940; x_wconf 82' lang='lat' dir='ltr'>percupio,</span> <span class='ocrx_word' id='word_1_123' title='bbox 1217 2861 1255 2921; x_wconf 92' lang='lat' dir='ltr'>od</span> <span class='ocrx_word' id='word_1_124' title='bbox 1337 2899 1339 2908; x_wconf 78' lang='lat'><em>·</em></span> 
     </span>
     <span class='ocr_line' id='line_1_16' title="bbox 62 2929 576 3024; baseline 0.023 -26"><span class='ocrx_word' id='word_1_125' title='bbox 62 2929 121 3001; x_wconf 81' lang='lat' dir='ltr'>hunc</span> <span class='ocrx_word' id='word_1_126' title='bbox 137 2940 367 3024; x_wconf 84' lang='lat' dir='ltr'>disquisitionem</span> <span class='ocrx_word' id='word_1_127' title='bbox 386 2965 431 3008; x_wconf 85' lang='lat' dir='ltr'>me</span> <span class='ocrx_word' id='word_1_128' title='bbox 448 2945 576 3010; x_wconf 83' lang='lat' dir='ltr'>accinxi.</span> 
     </span>
    </p>

    <p class='ocr_par' dir='ltr' id='par_1_4' title="bbox 61 3027 1298 3994">
     <span class='ocr_line' id='line_1_17' title="bbox 132 3027 1256 3114; baseline 0.006 -24"><span class='ocrx_word' id='word_1_129' title='bbox 132 3027 306 3094; x_wconf 86' lang='lat' dir='ltr'>Traditurns</span> <span class='ocrx_word' id='word_1_130' title='bbox 325 3031 415 3114; x_wconf 86' lang='lat' dir='ltr'>igitur</span> <span class='ocrx_word' id='word_1_131' title='bbox 431 3039 578 3096; x_wconf 73' lang='lat' dir='ltr'>exorcismi</span> <span class='ocrx_word' id='word_1_132' title='bbox 594 3037 745 3112; x_wconf 80' lang='lat' dir='ltr'>ortptnem,</span> <span class='ocrx_word' id='word_1_133' title='bbox 769 3040 948 3095; x_wconf 80' lang='lat' dir='ltr'>mutationem</span> <span class='ocrx_word' id='word_1_134' title='bbox 973 3033 1083 3114; x_wconf 58' lang='lat' dir='ltr'>morsque</span> <span class='ocrx_word' id='word_1_135' title='bbox 1107 3035 1256 3114; x_wconf 81' lang='lat' dir='ltr'>pernpendi</span> 
     </span>
     <span class='ocr_line' id='line_1_18' title="bbox 62 3117 1256 3205; baseline 0.009 -34"><span class='ocrx_word' id='word_1_136' title='bbox 62 3117 184 3192; x_wconf 81' lang='lat' dir='ltr'>notionem,</span> <span class='ocrx_word' id='word_1_137' title='bbox 199 3117 227 3180; x_wconf 87' lang='lat' dir='ltr'>ie</span> <span class='ocrx_word' id='word_1_138' title='bbox 246 3120 348 3183; x_wconf 82' lang='lat' dir='ltr'>limine</span> <span class='ocrx_word' id='word_1_139' title='bbox 365 3122 624 3196; x_wconf 84' lang='lat' dir='ltr'>commentationis,</span> <span class='ocrx_word' id='word_1_140' title='bbox 648 3121 715 3202; x_wconf 91' lang='lat' dir='ltr'>quid</span> <span class='ocrx_word' id='word_1_141' title='bbox 733 3117 925 3205; x_wconf 77' lang='lat' dir='ltr'>etymologine</span> <span class='ocrx_word' id='word_1_142' title='bbox 942 3119 1098 3183; x_wconf 83' lang='lat' dir='ltr'>exorcismi</span> <span class='ocrx_word' id='word_1_143' title='bbox 1116 3141 1173 3182; x_wconf 83' lang='lat' dir='ltr'>vox</span> <span class='ocrx_word' id='word_1_144' title='bbox 1189 3121 1256 3202; x_wconf 76' lang='lat' dir='ltr'>sig-</span> 
     </span>
     <span class='ocr_line' id='line_1_19' title="bbox 63 3198 1255 3290; baseline 0.013 -33"><span class='ocrx_word' id='word_1_145' title='bbox 63 3198 142 3266; x_wconf 86' lang='lat' dir='ltr'>nificet</span> <span class='ocrx_word' id='word_1_146' title='bbox 157 3227 340 3290; x_wconf 88' lang='lat' dir='ltr'>quonamque</span> <span class='ocrx_word' id='word_1_147' title='bbox 357 3230 449 3272; x_wconf 84' lang='lat' dir='ltr'>sensu</span> <span class='ocrx_word' id='word_1_148' title='bbox 467 3209 594 3273; x_wconf 79' lang='lat' dir='ltr'>ccclesia</span> <span class='ocrx_word' id='word_1_149' title='bbox 614 3209 784 3272; x_wconf 88' lang='lat' dir='ltr'>Lntherana</span> <span class='ocrx_word' id='word_1_150' title='bbox 802 3230 865 3271; x_wconf 88' lang='lat' dir='ltr'>earn</span> <span class='ocrx_word' id='word_1_151' title='bbox 882 3209 1075 3290; x_wconf 83' lang='lat' dir='ltr'>usurpaverit,</span> <span class='ocrx_word' id='word_1_152' title='bbox 1094 3230 1255 3290; x_wconf 70' lang='lat' dir='ltr'>exponamq</span> 
     </span>
     <span class='ocr_line' id='line_1_20' title="bbox 63 3293 1298 3382; baseline 0.01 -33"><span class='ocrx_word' id='word_1_153' title='bbox 63 3293 109 3349; x_wconf 88' lang='lat' dir='ltr'>tum</span> <span class='ocrx_word' id='word_1_154' title='bbox 123 3311 203 3356; x_wconf 80' lang='lat' dir='ltr'>vero:</span> <span class='ocrx_word' id='word_1_155' title='bbox 230 3317 269 3360; x_wconf 89' lang='lat' dir='ltr'>an</span> <span class='ocrx_word' id='word_1_156' title='bbox 290 3318 328 3359; x_wconf 89' lang='lat' dir='ltr'>ex</span> <span class='ocrx_word' id='word_1_157' title='bbox 343 3297 381 3360; x_wconf 88' lang='lat' dir='ltr'>N.</span> <span class='ocrx_word' id='word_1_158' title='bbox 400 3297 439 3361; x_wconf 84' lang='lat' dir='ltr'>T.</span> <span class='ocrx_word' id='word_1_159' title='bbox 457 3297 590 3382; x_wconf 80' lang='lat' dir='ltr'>scriptis,</span> <span class='ocrx_word' id='word_1_160' title='bbox 616 3307 644 3359; x_wconf 93' lang='lat' dir='ltr'>et</span> <span class='ocrx_word' id='word_1_161' title='bbox 666 3308 810 3380; x_wconf 88' lang='lat' dir='ltr'>quatenus</span> <span class='ocrx_word' id='word_1_162' title='bbox 835 3319 872 3360; x_wconf 88' lang='lat' dir='ltr'>ex</span> <span class='ocrx_word' id='word_1_163' title='bbox 888 3299 1007 3369; x_wconf 76' lang='lat' dir='ltr'>Petrum</span> <span class='ocrx_word' id='word_1_164' title='bbox 1029 3295 1183 3362; x_wconf 82' lang='lat' dir='ltr'>sententiis</span> <span class='ocrx_word' id='word_1_165' title='bbox 1207 3295 1255 3361; x_wconf 85' lang='lat' dir='ltr'>hic</span> <span class='ocrx_word' id='word_1_166' title='bbox 1292 3325 1298 3334; x_wconf 95' lang='lat'><em>·</em></span> 
     </span>
     <span class='ocr_line' id='line_1_21' title="bbox 62 3371 1256 3484; baseline 0.013 -49"><span class='ocrx_word' id='word_1_167' title='bbox 62 3371 121 3439; x_wconf 84' lang='lat' dir='ltr'>ritus</span> <span class='ocrx_word' id='word_1_168' title='bbox 135 3381 253 3446; x_wconf 76' lang='lat' dir='ltr'>denrari</span> <span class='ocrx_word' id='word_1_169' title='bbox 272 3385 375 3466; x_wconf 89' lang='lat' dir='ltr'>possit,</span> <span class='ocrx_word' id='word_1_170' title='bbox 392 3387 554 3465; x_wconf 87' lang='lat' dir='ltr'>estendam,</span> <span class='ocrx_word' id='word_1_171' title='bbox 573 3403 698 3448; x_wconf 87' lang='lat' dir='ltr'>necesse</span> <span class='ocrx_word' id='word_1_172' title='bbox 717 3397 772 3450; x_wconf 90' lang='lat' dir='ltr'>est.</span> <span class='ocrx_word' id='word_1_173' title='bbox 794 3397 832 3433; x_wconf 59' lang='grc' dir='ltr'>έ-</span> <span class='ocrx_word' id='word_1_174' title='bbox 859 3387 887 3470; x_wconf 80' lang='lat'>§.</span> <span class='ocrx_word' id='word_1_175' title='bbox 909 3387 937 3448; x_wconf 89' lang='grc'>1.</span> <span class='ocrx_word' id='word_1_176' title='bbox 963 3384 1202 3484; x_wconf 41' lang='lat' dir='ltr'>Vox‘pxorcismi</span> <span class='ocrx_word' id='word_1_177' title='bbox 1219 3407 1256 3450; x_wconf 82' lang='lat' dir='ltr'>ex</span> 
     </span>
     <span class='ocr_line' id='line_1_22' title="bbox 61 3463 1256 3556; baseline 0.01 -32"><span class='ocrx_word' id='word_1_178' title='bbox 61 3479 151 3540; x_wconf 77' lang='lat' dir='ltr'>graeca</span> <span class='ocrx_word' id='word_1_179' title='bbox 164 3466 267 3554; x_wconf 67' lang='lat' dir='ltr'>lugeo</span> <span class='ocrx_word' id='word_1_180' title='bbox 283 3472 391 3556; x_wconf 86' lang='lat' dir='ltr'>petita,</span> <span class='ocrx_word' id='word_1_181' title='bbox 414 3472 466 3536; x_wconf 85' lang='lat' dir='ltr'>ubi</span> <span class='ocrx_word' id='word_1_182' title='bbox 487 3463 670 3555; x_wconf 78' lang='grc' dir='ltr'><strong><em>ἐξορκισμός</em></strong></span> <span class='ocrx_word' id='word_1_183' title='bbox 693 3475 841 3538; x_wconf 82' lang='lat' dir='ltr'>derivatur</span> <span class='ocrx_word' id='word_1_184' title='bbox 858 3496 876 3536; x_wconf 92' lang='lat' dir='ltr'>a</span> <span class='ocrx_word' id='word_1_185' title='bbox 893 3472 1010 3536; x_wconf 88' lang='lat' dir='ltr'>nomine</span> <span class='ocrx_word' id='word_1_186' title='bbox 1036 3493 1143 3554; x_wconf 76' lang='lat' dir='ltr'>opace,</span> <span class='ocrx_word' id='word_1_187' title='bbox 1169 3473 1256 3553; x_wconf 88' lang='lat' dir='ltr'>idem,</span> 
     </span>
     <span class='ocr_line' id='line_1_23' title="bbox 63 3555 1257 3644; baseline 0.013 -35"><span class='ocrx_word' id='word_1_188' title='bbox 63 3555 123 3628; x_wconf 89' lang='lat' dir='ltr'>quod</span> <span class='ocrx_word' id='word_1_189' title='bbox 143 3555 334 3637; x_wconf 84' lang='lat' dir='ltr'>juramentum</span> <span class='ocrx_word' id='word_1_190' title='bbox 351 3559 500 3642; x_wconf 83' lang='lat' dir='ltr'>signifieat</span> <span class='ocrx_word' id='word_1_191' title='bbox 517 3561 701 3644; x_wconf 88' lang='lat' dir='ltr'>nominisque</span> <span class='ocrx_word' id='word_1_192' title='bbox 718 3561 807 3626; x_wconf 88' lang='lat' dir='ltr'>dirici</span> <span class='ocrx_word' id='word_1_193' title='bbox 834 3559 1045 3625; x_wconf 79' lang='lat' dir='ltr'>invocationem</span> <span class='ocrx_word' id='word_1_194' title='bbox 1063 3569 1090 3621; x_wconf 87' lang='lat' dir='ltr'>et</span> <span class='ocrx_word' id='word_1_195' title='bbox 1108 3571 1257 3636; x_wconf 72' lang='lat' dir='ltr'>contesta-</span> 
     </span>
     <span class='ocr_line' id='line_1_24' title="bbox 62 3635 1257 3733; baseline 0.016 -40"><span class='ocrx_word' id='word_1_196' title='bbox 62 3635 158 3705; x_wconf 88' lang='lat' dir='ltr'>tionem.</span> <span class='ocrx_word' id='word_1_197' title='bbox 193 3645 271 3710; x_wconf 87' lang='lat' dir='ltr'>Hinc</span> <span class='ocrx_word' id='word_1_198' title='bbox 287 3643 385 3711; x_wconf 85' lang='lat' dir='ltr'>antem</span> <span class='ocrx_word' id='word_1_199' title='bbox 401 3651 492 3712; x_wconf 84' lang='lat' dir='ltr'>verbe</span> <span class='ocrx_word' id='word_1_200' title='bbox 516 3641 646 3732; x_wconf 79' lang='grc' dir='ltr'><strong><em>ὁρκίζειν</em></strong></span> <span class='ocrx_word' id='word_1_201' title='bbox 665 3658 693 3712; x_wconf 93' lang='lat' dir='ltr'>et</span> <span class='ocrx_word' id='word_1_202' title='bbox 711 3643 877 3733; x_wconf 72' lang='grc' dir='ltr'><strong><em>ἕξορκίζειν</em></strong></span> <span class='ocrx_word' id='word_1_203' title='bbox 900 3647 990 3710; x_wconf 84' lang='lat' dir='ltr'>iatine</span> <span class='ocrx_word' id='word_1_204' title='bbox 1009 3649 1196 3728; x_wconf 76' lang='lat' dir='ltr'>jettep&#39;oraado</span> <span class='ocrx_word' id='word_1_205' title='bbox 1215 3653 1257 3712; x_wconf 84' lang='lat' dir='ltr'>od</span> 
     </span>
     <span class='ocr_line' id='line_1_25' title="bbox 62 3732 1256 3818; baseline 0.015 -36"><span class='ocrx_word' id='word_1_206' title='bbox 62 3743 211 3797; x_wconf 83' lang='lat' dir='ltr'>recremento</span> <span class='ocrx_word' id='word_1_207' title='bbox 235 3739 345 3818; x_wconf 64' lang='lat' dir='ltr'>odierno</span> <span class='ocrx_word' id='word_1_208' title='bbox 368 3735 527 3811; x_wconf 78' lang='lat' dir='ltr'>rertimns3</span> <span class='ocrx_word' id='word_1_209' title='bbox 552 3757 647 3818; x_wconf 88' lang='lat' dir='ltr'>neque</span> <span class='ocrx_word' id='word_1_210' title='bbox 672 3746 769 3800; x_wconf 86' lang='lat' dir='ltr'>temen</span> <span class='ocrx_word' id='word_1_211' title='bbox 793 3758 852 3798; x_wconf 91' lang='lat' dir='ltr'>non</span> <span class='ocrx_word' id='word_1_212' title='bbox 870 3735 990 3798; x_wconf 88' lang='lat' dir='ltr'>aiteram</span> <span class='ocrx_word' id='word_1_213' title='bbox 1011 3732 1256 3816; x_wconf 77' lang='lat' dir='ltr'>&#39;significationem</span> 
     </span>
     <span class='ocr_line' id='line_1_26' title="bbox 63 3813 1257 3906; baseline 0.015 -36"><span class='ocrx_word' id='word_1_214' title='bbox 63 3813 208 3884; x_wconf 89' lang='lat' dir='ltr'>admittunt:</span> <span class='ocrx_word' id='word_1_215' title='bbox 242 3831 294 3887; x_wconf 85' lang='lat' dir='ltr'>Dei</span> <span class='ocrx_word' id='word_1_216' title='bbox 318 3831 429 3891; x_wconf 82' lang='lat' dir='ltr'>nemine</span> <span class='ocrx_word' id='word_1_217' title='bbox 452 3836 478 3888; x_wconf 83' lang='lat' dir='ltr'>et</span> <span class='ocrx_word' id='word_1_218' title='bbox 503 3827 598 3888; x_wconf 82' lang='lat' dir='ltr'>diuino</span> <span class='ocrx_word' id='word_1_219' title='bbox 623 3833 788 3888; x_wconf 82' lang='lat' dir='ltr'>auctoritate</span> <span class='ocrx_word' id='word_1_220' title='bbox 806 3829 976 3904; x_wconf 79' lang='lat' dir='ltr'>&#39;interpositu</span> <span class='ocrx_word' id='word_1_221' title='bbox 1000 3823 1108 3903; x_wconf 79' lang='lat' dir='ltr'>eotqott</span> <span class='ocrx_word' id='word_1_222' title='bbox 1128 3829 1257 3906; x_wconf 81' lang='lat' dir='ltr'>coiqtrcm</span> 
     </span>
     <span class='ocr_line' id='line_1_27' title="bbox 63 3909 1257 3994; baseline 0.015 -34"><span class='ocrx_word' id='word_1_223' title='bbox 63 3912 195 3988; x_wconf 81' lang='lat' dir='ltr'>praecipere</span> <span class='ocrx_word' id='word_1_224' title='bbox 210 3921 234 3974; x_wconf 87' lang='lat' dir='ltr'>et</span> <span class='ocrx_word' id='word_1_225' title='bbox 248 3919 385 3994; x_wconf 82' lang='lat' dir='ltr'>imperare</span> <span class='ocrx_word' id='word_1_226' title='bbox 402 3945 442 3959; x_wconf 91' lang='lat'><em>-</em></span> <span class='ocrx_word' id='word_1_227' title='bbox 469 3919 501 3974; x_wconf 95' lang='lat' dir='ltr'>ut</span> <span class='ocrx_word' id='word_1_228' title='bbox 518 3919 631 3976; x_wconf 84' lang='lat' dir='ltr'>veteres</span> <span class='ocrx_word' id='word_1_229' title='bbox 648 3912 757 3992; x_wconf 89' lang='lat' dir='ltr'>dicunt,</span> <span class='ocrx_word' id='word_1_230' title='bbox 781 3911 929 3993; x_wconf 84' lang='lat' dir='ltr'>adjurare,</span> <span class='ocrx_word' id='word_1_231' title='bbox 955 3909 1001 3974; x_wconf 85' lang='lat' dir='ltr'>rei</span> <span class='ocrx_word' id='word_1_232' title='bbox 1021 3909 1257 3994; x_wconf 78' lang='lat' dir='ltr'>obsecrare**&#39;).</span> 
     </span>
    </p>
   </div>
   <div class='ocr_carea' id='block_1_4' title="bbox 64 4045 271 4071">
    <p class='ocr_par' dir='ltr' id='par_1_5' title="bbox 64 4045 271 4071">
     <span class='ocr_line' id='line_1_28' title="bbox 64 4045 271 4071; baseline 0.005 -1"><span class='ocrx_word' id='word_1_233' title='bbox 64 4045 271 4071; x_wconf 41' lang='grc' dir='ltr'>κ·-</span> 
     </span>
    </p>
   </div>
   <div class='ocr_carea' id='block_1_5' title="bbox 63 4127 1255 4344">
    <p class='ocr_par' dir='ltr' id='par_1_6' title="bbox 63 4127 1255 4344">
     <span class='ocr_line' id='line_1_29' title="bbox 117 4127 130 4158; baseline 0 -8"><span class='ocrx_word' id='word_1_234' title='bbox 117 4127 130 4158; x_wconf 62' lang='lat' dir='ltr'>q</span> 
     </span>
     <span class='ocr_line' id='line_1_30' title="bbox 117 4128 1255 4288; baseline 0.004 -34"><span class='ocrx_word' id='word_1_235' title='bbox 117 4128 239 4264; x_wconf 50' lang='lat' dir='ltr'>*iopo‘ss‘d&#39;e</span> <span class='ocrx_word' id='word_1_236' title='bbox 251 4133 488 4272; x_wconf 50' lang='lat' dir='ltr'>iiiiiioiffissnii</span> <span class='ocrx_word' id='word_1_237' title='bbox 508 4205 551 4259; x_wconf 70' lang='lat' dir='ltr'>mr</span> <span class='ocrx_word' id='word_1_238' title='bbox 568 4205 610 4258; x_wconf 79' lang='lat' dir='ltr'>oa</span> <span class='ocrx_word' id='word_1_239' title='bbox 629 4204 691 4257; x_wconf 72' lang='lat' dir='ltr'>eor·</span> <span class='ocrx_word' id='word_1_240' title='bbox 709 4221 736 4257; x_wconf 77' lang='lat' dir='ltr'>u.</span> <span class='ocrx_word' id='word_1_241' title='bbox 754 4205 910 4288; x_wconf 65' lang='lat' dir='ltr'>eameram</span> <span class='ocrx_word' id='word_1_242' title='bbox 928 4203 954 4256; x_wconf 78' lang='lat' dir='ltr'>a</span> <span class='ocrx_word' id='word_1_243' title='bbox 966 4204 1063 4258; x_wconf 69' lang='lat' dir='ltr'>cereno.</span> <span class='ocrx_word' id='word_1_244' title='bbox 1084 4205 1150 4261; x_wconf 75' lang='lat'>1821</span> <span class='ocrx_word' id='word_1_245' title='bbox 1169 4221 1197 4260; x_wconf 68' lang='lat' dir='ltr'>a.</span> <span class='ocrx_word' id='word_1_246' title='bbox 1211 4207 1255 4263; x_wconf 80' lang='lat' dir='ltr'>aa.</span> 
     </span>
     <span class='ocr_line' id='line_1_31' title="bbox 63 4255 1254 4344; baseline 0.012 -33"><span class='ocrx_word' id='word_1_247' title='bbox 63 4255 132 4340; x_wconf 72' lang='lat' dir='ltr'>deber</span> <span class='ocrx_word' id='word_1_248' title='bbox 149 4269 194 4324; x_wconf 88' lang='lat' dir='ltr'>den</span> <span class='ocrx_word' id='word_1_249' title='bbox 211 4273 358 4344; x_wconf 68' lang='lat' dir='ltr'>Umpmug,</span> <span class='ocrx_word' id='word_1_250' title='bbox 378 4276 427 4328; x_wconf 86' lang='lat' dir='ltr'>den</span> <span class='ocrx_word' id='word_1_251' title='bbox 447 4275 533 4329; x_wconf 81' lang='lat' dir='ltr'>luhnlt</span> <span class='ocrx_word' id='word_1_252' title='bbox 551 4292 577 4328; x_wconf 86' lang='lat' dir='ltr'>u.</span> <span class='ocrx_word' id='word_1_253' title='bbox 599 4275 640 4328; x_wconf 81' lang='lat' dir='ltr'>die</span> <span class='ocrx_word' id='word_1_254' title='bbox 658 4275 812 4340; x_wconf 64' lang='lat' dir='ltr'>allgemeinc</span> <span class='ocrx_word' id='word_1_255' title='bbox 831 4273 996 4340; x_wconf 68' lang='lat' dir='ltr'>Eruiutruus</span> <span class='ocrx_word' id='word_1_256' title='bbox 1014 4275 1160 4330; x_wconf 67' lang='lat' dir='ltr'>temetum.</span> <span class='ocrx_word' id='word_1_257' title='bbox 1199 4273 1254 4328; x_wconf 88' lang='lat' dir='ltr'>Vou</span> 
     </span>
    </p>
   </div>
   <div class='ocr_carea' id='block_1_6' title="bbox 63 4335 770 4410">
    <p class='ocr_par' dir='ltr' id='par_1_7' title="bbox 63 4335 770 4410">
     <span class='ocr_line' id='line_1_32' title="bbox 63 4335 770 4410; baseline 0.031 -32"><span class='ocrx_word' id='word_1_258' title='bbox 63 4341 131 4386; x_wconf 83' lang='lat' dir='ltr'>tenen</span> <span class='ocrx_word' id='word_1_259' title='bbox 146 4344 258 4407; x_wconf 63' lang='lat' dir='ltr'>crearet.</span> <span class='ocrx_word' id='word_1_260' title='bbox 278 4344 416 4410; x_wconf 68' lang='lat' dir='ltr'>Predtger.</span> <span class='ocrx_word' id='word_1_261' title='bbox 434 4343 556 4410; x_wconf 60' lang='lat' dir='ltr'>Mundeb.</span> <span class='ocrx_word' id='word_1_262' title='bbox 576 4345 653 4402; x_wconf 79' lang='lat'><strong>1823.</strong></span> <span class='ocrx_word' id='word_1_263' title='bbox 674 4335 705 4396; x_wconf 73' lang='lat' dir='ltr'>S·</span> <span class='ocrx_word' id='word_1_264' title='bbox 726 4343 770 4398; x_wconf 74' lang='grc'>39.</span> 
     </span>
    </p>
   </div>
   <div class='ocr_carea' id='block_1_7' title="bbox 116 4401 1344 4484">
    <p class='ocr_par' dir='ltr' id='par_1_8' title="bbox 116 4401 1344 4484">
     <span class='ocr_line' id='line_1_33' title="bbox 116 4401 1344 4484; baseline -0.003 -13"><span class='ocrx_word' id='word_1_265' title='bbox 116 4401 164 4471; x_wconf 58' lang='lat' dir='ltr'>m)</span> <span class='ocrx_word' id='word_1_266' title='bbox 180 4408 210 4466; x_wconf 75' lang='lat' dir='ltr'>n.</span> <span class='ocrx_word' id='word_1_267' title='bbox 220 4411 346 4471; x_wconf 68' lang='lat' dir='ltr'>{antini</span> <span class='ocrx_word' id='word_1_268' title='bbox 362 4415 489 4484; x_wconf 77' lang='lat' dir='ltr'>disputet.</span> <span class='ocrx_word' id='word_1_269' title='bbox 506 4413 664 4468; x_wconf 79' lang='lat' dir='ltr'>deterrente</span> <span class='ocrx_word' id='word_1_270' title='bbox 680 4415 833 4478; x_wconf 79' lang='lat' dir='ltr'>verborum,</span> <span class='ocrx_word' id='word_1_271' title='bbox 848 4429 914 4481; x_wconf 82' lang='lat' dir='ltr'>queo</span> <span class='ocrx_word' id='word_1_272' title='bbox 926 4413 1055 4482; x_wconf 75' lang='lat' dir='ltr'>ceptione</span> <span class='ocrx_word' id='word_1_273' title='bbox 1071 4408 1255 4468; x_wconf 71' lang='lat' dir='ltr'>temerenda</span> <span class='ocrx_word' id='word_1_274' title='bbox 1340 4437 1344 4445; x_wconf 64' lang='lat'>¹</span> 
     </span>
    </p>
   </div>
   <div class='ocr_carea' id='block_1_8' title="bbox 60 4477 1095 4554">
    <p class='ocr_par' dir='ltr' id='par_1_9' title="bbox 60 4477 1095 4554">
     <span class='ocr_line' id='line_1_34' title="bbox 60 4477 1095 4554; baseline 0.005 -24"><span class='ocrx_word' id='word_1_275' title='bbox 60 4477 127 4526; x_wconf 57' lang='grc' dir='ltr'>ΝΜ</span> <span class='ocrx_word' id='word_1_276' title='bbox 141 4481 266 4544; x_wconf 74' lang='lat' dir='ltr'>emtuitti</span> <span class='ocrx_word' id='word_1_277' title='bbox 281 4483 377 4551; x_wconf 81' lang='lat' dir='ltr'>rotent,</span> <span class='ocrx_word' id='word_1_278' title='bbox 399 4498 475 4554; x_wconf 75' lang='lat' dir='ltr'>quem</span> <span class='ocrx_word' id='word_1_279' title='bbox 494 4485 666 4540; x_wconf 84' lang='lat' dir='ltr'>exorcismum</span> <span class='ocrx_word' id='word_1_280' title='bbox 682 4491 790 4540; x_wconf 80' lang='lat' dir='ltr'>vocent.</span> <span class='ocrx_word' id='word_1_281' title='bbox 812 4481 884 4538; x_wconf 66' lang='lat' dir='ltr'>aare</span> <span class='ocrx_word' id='word_1_282' title='bbox 907 4482 985 4538; x_wconf 72' lang='grc'><strong>1607.</strong></span> <span class='ocrx_word' id='word_1_283' title='bbox 1005 4479 1033 4550; x_wconf 66' lang='lat'>5.</span> <span class='ocrx_word' id='word_1_284' title='bbox 1052 4481 1095 4536; x_wconf 79' lang='lat' dir='ltr'>st.</span> 
     </span>
    </p>
   </div>
   <div class='ocr_carea' id='block_1_9' title="bbox 0 0 1488 4896">
    <p class='ocr_par' dir='ltr' id='par_1_10' title="bbox 0 0 1488 4896">
     <span class='ocr_line' id='line_1_35' title="bbox 0 0 1488 4896; baseline 0 0"><span class='ocrx_word' id='word_1_285' title='bbox 0 0 1488 4896; x_wconf 95' lang='lat' dir='ltr'> </span> 
     </span>
    </p>
   </div>
  </div>
 </body>
</html>
