2944 4890
186 187 253 258 ott
496 228 499 233 ·
555 181 648 259 XLV.
678 169 850 276 onuphrius
864 187 1026 260 Paurtntus
1060 219 1091 274 g
1135 219 1139 226 ·
1225 265 1232 276 ³
1283 233 1284 236 ,

185 367 265 446 cito)
289 369 329 432 ita
353 367 410 432 ait:
444 367 531 449 „llio
556 367 663 442 multas
688 369 820 434 fabricas
844 389 898 451 por
929 366 1105 430 coemeteria
1128 363 1191 428 lieri
1219 363 1401 449 praecepit.“

186 457 433 525 Bibliothecarius
451 458 496 540 (in
512 465 570 520 cito
580 465 701 522 dononio
712 465 770 520 111.
786 461 907 540 popum:
925 457 1003 535 „Hie
1013 454 1168 538 ampliavit
1184 463 1211 516 et
1226 447 1404 517 resta‘urarit

189 546 364 608 coemeteria
393 556 560 608 sauctorum
585 549 775 628 martyrum.“
802 547 842 614 lu
870 544 1043 607 coemeterio
1076 545 1192 605 beatum
1217 543 1348 625 Xystoro
1369 543 1405 604 ll.

186 653 293 716 papam
318 653 382 696 com
402 643 527 715 quatuor
546 634 678 696 diaconis
702 633 832 695 occisum
855 631 967 709 luisse,
994 638 1160 698 auctorest
1183 630 1215 692 S.
1228 630 1406 712 ‘Cyprianus

187 724 283 802 (epist.
300 717 330 798 5,
350 723 399 786 19.
417 725 455 783 od
470 721 657 804 Srcooessum).
687 722 866 804 ,‚llysturo,“
883 720 988 802 inquit,
1005 721 1055 797 „ia
1074 717 1250 780 coemeterio
1266 718 1404 780 auimad·

188 827 306 872 versum
322 809 432 886 sciatis,
457 821 559 872 ortano
575 811 676 871 iduum
693 813 892 890 Augustarum
909 809 964 882 die,
981 819 1009 869 ct
1025 827 1090 868 cum
1108 809 1209 879 eodem
1227 807 1407 884 Quartum.“

187 897 266 960 Iliae
282 897 429 959 Damasus
446 896 502 958 ait:
523 891 702 974 „Liberium
720 890 879 978 papamde
896 895 1003 958 exsilio
1023 915 1182 972 reversum,
1204 895 1361 956 habitasse
1378 894 1406 955 in
1449 897 1450 928 ³

190 985 363 1046 coemeterio
389 995 510 1046 sanetae
536 985 681 1064 flagretis
708 987 786 1066 apud
815 983 1036 1060 Constantiam,
1072 983 1202 1044 sororem
1235 982 1404 1045 Constantii
1449 991 1450 1020 ³

131 1147 134 1156 ¹
189 1070 348 1152 augustin
379 1072 418 1133 llt
436 1071 534 1152 paullo
552 1071 647 1134 iufra:
672 1071 889 1149 „Constantius
908 1075 1059 1148 Augustus
1083 1071 1160 1134 fracto
1179 1069 1307 1131 concilio
1331 1069 1405 1132 urisit

190 1167 220 1221 ct
236 1158 382 1221 revocavit
398 1159 548 1221 Liberium
568 1161 605 1221 de
622 1159 794 1222 coemeterio
812 1159 1126 1240 sanctasltagnensr‘
1158 1157 1404 1220 bibliothecarius

190 1246 248 1310 ait:
271 1245 479 1323 „bonifacium
495 1267 600 1328 papam
621 1251 697 1309 urbe*
709 1247 824 1328 pulsum
842 1247 990 1322 habitasse
1007 1244 1166 1328 aliquando
1182 1245 1212 1306 ia
1229 1245 1404 1308 coemeterio

191 1341 312 1397 sanctae
328 1333 494 1396 Felicitatis
510 1335 660 1418 martyris,
685 1336 732 1398 via
752 1335 900 1398 Salaria.“
935 1337 966 1395 Ιιι
985 1333 1167 1396 cocareteriis
1183 1333 1299 1396 Romae
1325 1332 1405 1395 exsi-

188 1416 335 1485 stentibus
353 1422 527 1504 baptismam
544 1434 573 1486 et
592 1423 696 1486 missas
712 1422 871 1501 celebrare,
890 1422 1008 1501 uigilias
1022 1425 1189 1498 decantare,
1206 1421 1405 1484 ordinationes
1449 1441 1450 1450 ¹

193 1520 221 1572 et
239 1509 398 1586 stationes,
423 1511 532 1590 idest,
556 1531 657 1573 ornnes
683 1531 785 1574 sacras
809 1510 1011 1573 caerimonias·
1029 1510 1138 1572 habore
1164 1519 1278 1570 ueteres
1304 1501 1429 1570 solitos'

191 1597 305 1678 foisse,
332 1599 437 1660 docent
460 1599 662 1680 antiquissima
680 1599 883 1661 ecclesiastica
905 1609 1101 1660 mouuruento.
1135 1597 1358 1658 Protonotarios
1380 1617 1404 1658 s.

192 1686 344 1748 Romanae
361 1685 506 1748 ecelesiae
525 1687 555 1748 io
574 1693 645 1748 uotis
659 1690 765 1750 Liberii
782 1709 883 1767 popae,
902 1693 982 1748 Tam.
998 1692 1024 1750 1.
1043 1688 1234 1755 conciliorum:
1255 1684 1403 1758 „Herbita-

193 1775 243 1835 bat
256 1771 394 1836 Liberius
411 1794 488 1855 papa
504 1777 541 1836 ab
558 1777 632 1836 urbe
645 1774 741 1836 Roma
756 1773 890 1836 milliario
907 1773 1001 1850 tertio,
1018 1773 1047 1833 ia
1064 1773 1237 1834 coemeterio
1253 1769 1402 1847 Nouellum

128 1859 134 1871 ’
189 1862 500 1944 juxtaeoeuretcriuru
517 1861 702 1938 Ostrianum,
727 1861 903 1923 n'biPetrus
922 1859 1075 1942 apostolus
1096 1858 1262 1940 baptizarit.
1295 1860 1402 1922 Eodem

193 1960 322 2028 ternpore
345 1947 476 2028 paschae
501 1949 656 2030 baptizavit
672 1948 812 2011 Liberius
832 1969 907 2030 papa
933 1949 976 2028 (in
1001 1951 1101 2011 eodem
1121 1946 1311 2023 coorneterio)
1336 1969 1402 2028 pro-

193 2035 299 2097 miscui
317 2053 408 2096 sexus
427 2057 547 2112 numero
566 2047 691 2116 quatuor
714 2034 807 2098 millia
825 2047 853 2097 ot
872 2037 1042 2098 duodecim:
1067 2035 1135 2116 quia
1154 2055 1255 2096 omues
1270 2033 1403 2111 Romami,
1449 2073 1450 2136 l

194 2132 256 2184 eta
276 2120 366 2200 longo
385 2121 445 2200 alii,
464 2134 492 2184 et
509 2123 707 2185 Romanorum
724 2124 811 2186 vieini
829 2125 1035 2186 desiderabant
1054 2127 1091 2186 ab
1116 2125 1216 2186 eodem
1234 2122 1402 2203 baptizari.“
1449 2167 1450 2206 ἦ

78 2262 81 2268 ,
185 2208 439 2282 ΙΒίΙιΙίοιΙιιιιτιιιὶιιι
462 2209 493 2272 in
517 2217 575 2273 cito
599 2217 689 2290 Serpit
710 2234 816 2293 popae:
850 2211 935 2289 „llio
960 2222 1088 2292 tempore
1112 2211 1157 2271 soi
1188 2212 1403 2293 presbyteratus
1449 2207 1450 2268 i

193 2297 318 2378 impigre
337 2317 390 2376 per
413 2298 588 2378 coemeteria
606 2299 723 2362 diversa
746 2299 903 2361 missarum
921 2296 1075 2362 sollemnia
1094 2296 1294 2361 celebrabat.“
1325 2297 1403 2359 Coa·

107 2455 109 2467 ⁸
194 2385 292 2446 cilium
311 2383 493 2448 Illiberinum
516 2387 571 2447 sub
589 2385 738 2468 Splrcstro
763 2407 838 2469 papa
861 2386 1038 2448 celebratum
1058 2407 1123 2466 cap.
1139 2387 1210 2447 25.:
1236 2383 1404 2462 „Placuit,“

193 2472 387 2552 ‚‚prohiberi‚
407 2494 444 2534 ne
462 2474 607 2536 foeminae
626 2475 655 2534 in
676 2475 850 2537 coemeterio
869 2474 1059 2556 pervigilent,
1078 2495 1130 2550 eo,
1149 2475 1224 2554 quod
1242 2493 1331 2554 saepe
1350 2474 1404 2534 sub

194 2561 313 2624 obtentu
341 2559 482 2620 orationis
511 2562 625 2624 scelera
656 2561 778 2624 latenter
804 2563 1011 2626 committant.“
1053 2563 1122 2624 ltem
1148 2580 1185 2622 ex
1217 2564 1347 2641 apotopio
1371 2561 1405 2621 t).
1449 2631 1450 2644 χ

193 2643 349 2707 Athanasii
365 2649 397 2707 do
411 2649 480 2725 [ispo
495 2669 563 2710 saro:
582 2649 640 2726 „lu
656 2647 840 2712 hebdomada
856 2660 921 2731 post
936 2661 1050 2712 sacram
1068 2655 1264 2728 pentecostem
1281 2647 1405 2728 popalus
1449 2651 1450 2704 t

194 2733 347 2814 completis
366 2734 488 2814 jejuniis
514 2738 549 2796 ad
569 2739 709 2798 orandum
734 2740 769 2799 ad
790 2738 994 2799 coemeterium
1021 2737 1125 2799 abiit.“
1162 2735 1217 2796 cai
1242 2735 1310 2796 loco
1334 2755 1408 2796 con«
1449 2779 1450 2820 ι

112 2867 116 2875 .
193 2821 294 2884 venire
313 2821 447 2883 videntur
462 2823 572 2884 Leonis
591 2844 685 2906 papae
704 2826 820 2889 rerbae-
835 2825 976 2904 „Quarta
995 2835 1022 2887 ot
1039 2833 1123 2886 sexta
1140 2821 1215 2889 laria
1228 2823 1406 2905 jejunemus,
1449 2865 1450 2896 r

194 2909 338 2973 sabbatho
354 2930 423 2971 vero
441 2913 517 2992 apud
531 2911 562 2972 S.
576 2911 692 2973 Petrum
711 2923 869 2974 consuetas
886 2912 1003 2992 vigilias
1018 2911 1231 2974 celebremus.“
1260 2912 1406 2974 Damasus
1449 2913 1450 2976 ᾗ

193 3018 272 3078 papa
290 2996 321 3056 iu
343 3005 400 3058 cito
419 3005 545 3074 Dionysii
561 3021 653 3080 popae
676 2999 732 3061 ait:
760 2994 886 3080 „Ipsum
906 2999 1086 3080 presbyteris
1104 2998 1244 3061 Romanis
1264 2996 1406 3061 ecelesias

195 3095 224 3147 et
240 3085 414 3147 coemeteria
432 3087 577 3166 (curanda
596 3085 724 3168 seilicet)
747 3087 916 3149 divisisse.“
949 3087 1185 3152 vetustissimum
1202 3096 1269 3148 ante
1285 3087 1407 3148 Daruasi

86 3249 94 3256 1
194 3183 325 3253 tempora
356 3182 476 3234 sanotae
505 3173 659 3236 Romanae
687 3174 832 3236 ecclesiae
861 3175 1035 3255 registrum:
1064 3173 1224 3254 „Populus
1254 3175 1406 3237 Romanus

194 3260 299 3324 timens
315 3259 410 3320 Deum
434 3256 590 3342 multisque
610 3263 863 3338 persecutionibus
882 3263 1040 3343 fatigatas,
1065 3283 1117 3343 per
1135 3261 1310 3324 coemeteria
1329 3283 1405 3324 ruar-

194 3357 289 3430 tyrom
309 3346 451 3410 stationes
470 3348 535 3410 sine
552 3348 669 3415 clericis
689 3348 875 3425 celebrabat,
896 3353 977 3414 etad
996 3359 1126 3412 sanctam
1143 3351 1307 3429 Haguetem
1326 3349 1405 3412 multi

193 3433 321 3498 fidelium
346 3440 574 3501 conrea'eruut.“
606 3437 786 3501 Anastasius
809 3437 1055 3502 bibliothecarius
1079 3437 1109 3498 ia
1133 3443 1191 3500 cito
1209 3444 1331 3502 donanis
1349 3443 1406 3500 111.

192 3545 285 3606 popae
306 3522 485 3586 itascribit:
520 3523 604 3601 „Hie
627 3523 778 3605 arnpliarit
802 3535 830 3588 et
848 3525 1024 3588 restaurarit
1047 3525 1219 3587 coemeteria
1239 3537 1405 3588 sanctorum

188 3621 350 3692 'martyrum
369 3621 396 3673 et
410 3611 546 3688 institnit,
563 3621 595 3672 ot
611 3611 783 3692 oblationes,
801 3611 916 3676 annulae
933 3615 1050 3695 (panem
1068 3612 1184 3674 scilieet
1199 3623 1227 3673 et
1241 3613 1340 3674 riuum
1352 3622 1405 3695 'pro

192 3697 339 3763 saorihcio
363 3698 518 3780 intelligit,
545 3698 614 3784 qnia
637 3700 711 3762 haec
730 3704 820 3764 verba
837 3701 867 3785 in
890 3699 948 3762 hoo
971 3699 1140 3778 significato
1159 3701 1269 3780 passim
1287 3711 1405 3781 accepta

192 3783 395 3861 inveniuntur)
415 3787 460 3849 rel
485 3786 641 3854 luminaria
665 3788 696 3848 in
720 3789 829 3850 eisdem
854 3789 1036 3851 coemeteriis
1055 3809 1107 3868 per
1125 3807 1227 3849 omnes
1247 3789 1404 3850 doraioiras

194 3875 230 3933 do
254 3873 409 3936 Lateraais
434 3874 739 3939 administrarentur.“
775 3876 814 3938 Et
842 3874 945 3956 paullo
970 3876 1065 3937 iasra:
1095 3875 1207 3950 „Tune
1231 3875 1403 3938 uenerabilis

192 3978 270 4041 papa
286 3960 413 4023 loannes
438 3962 558 4024 retinuit
577 3983 611 4026 se
628 3963 658 4024 in
679 3963 853 4026 coemeterio
871 3973 1037 4026 sanctorum
1058 3962 1187 4024 Tiburtii
1207 3973 1233 4024 et
1250 3963 1404 4038 Valeriani,

195 4057 223 4108 et
239 4045 379 4109 habitarit
399 4049 439 4110 ibi
457 4051 547 4112 multo
565 4057 711 4133 ternpore,
733 4059 766 4112 ut
784 4051 868 4114 etiam
888 4051 1044 4132 episcopos
1064 4050 1170 4112 ibidem
1190 4055 1404 4113 consecraret.“

192 4135 273 4198 lderu
291 4133 322 4194 in
339 4141 397 4196 otto
416 4142 543 4218 Groporii
559 4145 618 4202 111.
635 4161 742 4220 pupae:
766 4139 848 4215 „Hie
864 4138 1004 4201 institutis
1024 4138 1177 4220 disposuit,
1195 4148 1227 4200 ut
1241 4137 1272 4202 io
1288 4157 1404 4201 coeme-

193 4219 275 4308 teriis
300 4230 466 4284 sanctorum
485 4235 643 4306 martyrum
666 4228 894 4308 circumquaque
912 4227 1016 4307 positis
1032 4226 1155 4302 Romae,
1180 4225 1210 4286 iu
1231 4227 1278 4287 die
1298 4227 1404 4288 natali·

191 4307 445 4388 tioromipsorum
459 4309 625 4388 luminaria,
644 4316 680 4375 ad
694 4314 813 4394 vigilias
827 4314 989 4389 iaciendas,
1008 4325 1035 4374 et
1051 4311 1215 4374 oblationes
1230 4316 1267 4390 de
1282 4316 1405 4395 patriar-

192 4395 258 4460 chio
277 4415 330 4481 por
346 4395 569 4462 oblationarium
587 4397 818 4486 deportarentur,
838 4405 874 4470 ad
892 4402 1084 4466 celebrandas
1101 4400 1220 4480 missas,
1239 4421 1302 4488 per,
1322 4423 1404 4490 quen
