2944 4890
732 1125 873 1213 XLV.

195 1315 503 1460 Onuphrius
531 1345 816 1434 Panvinius
846 1347 899 1432 de
922 1345 1006 1433 ritu
1030 1341 1262 1458 sepeliendi
1286 1368 1400 1430 mor-

215 1605 217 1614 *
276 1497 370 1572 tuos
401 1485 511 1597 apud
541 1499 706 1570 veteres
732 1483 992 1570 Christianos
1023 1497 1066 1568 et
1095 1481 1324 1568 eorundem
1454 1537 1455 1628 p

645 1619 957 1736 coemeteriisr)

281 1875 496 1940 Praelatio.
537 1874 620 1956 Apud
645 1893 746 1934 omnes
766 1881 870 1954 gentes
889 1871 1048 1950 Romanas,
1074 1871 1217 1952 Graecas,
1242 1871 1400 1948 Hebraeas,

194 1965 365 2044 Aegyptias,
383 1978 410 2026 et
427 1965 502 2028 alias
518 1964 660 2024 barbaras
676 1960 810 2023 nationes
828 1971 918 2022 statos
940 1961 1156 2043 sollemnesque
1169 1961 1400 2044 sepeliendorum

195 2063 371 2132 mortuorum
393 2053 471 2133 ritus
492 2061 519 2112 et
537 2049 712 2112 cerimonias
736 2049 846 2126 luisse,
874 2049 1023 2123 inlibris,
1049 2071 1120 2130 quos
1143 2050 1184 2110 tto
1209 2056 1400 2131 eudquitetem
1454 2061 1455 2106 t

188 2145 390 2202 Romanarum
406 2138 523 2219 scripsi,
542 2136 648 2197 diffuse
668 2135 780 2211 ostendi
799 2135 993 2219 singulasque
1010 2137 1227 2199 commentariis
1244 2148 1272 2199 et
1287 2135 1400 2198 tabellis
1454 2145 1455 2170 ¹

195 2225 315 2304 aeneis,
339 2247 387 2288 res
406 2226 487 2308 ipsas
511 2225 757 2306 exprimentibus,
781 2221 937 2287 illustravi.
982 2225 1070 2302 Quod
1096 2226 1121 2287 si
1141 2225 1281 2306 profanos
1301 2224 1420 2305 sepul,
1454 2251 1455 2298 ι

194 2314 405 2389 crorum,ritns
431 2314 587 2377 memoriae
612 2311 826 2384 commendavi,
848 2331 950 2374 sacras
968 2323 1097 2376 veterum
1117 2313 1350 2376 Christianorum
1373 2311 1401 2372 in

194 2405 295 2464 eadem
312 2423 345 2464 re
363 2403 633 2484 pulcherrimasque
652 2399 884 2477 observationes,
903 2421 976 2481 quas
992 2402 1102 2482 passim
1120 2402 1268 2478 adnotavi,
1288 2399 1400 2463 silentio

193 2489 352 2571 praeterire
379 2490 463 2552 nolas
482 2511 548 2552 esse
567 2488 648 2550 duxi.
682 2489 726 2550 lle
747 2487 853 2568 quibus
870 2489 930 2570 jam
940 2489 1059 2571 justum
1080 2489 1317 2551 commentarium
1336 2487 1400 2565 feei,

195 2597 278 2658 quem
296 2577 326 2637 in
345 2576 489 2679 epitomen
509 2577 554 2637 bie
574 2579 720 2638 redactum
741 2577 884 2638 communi
904 2576 1100 2639 studiosorum
1118 2575 1234 2638 utilitati
1253 2576 1401 2657 publicare
1454 2617 1455 2652 ι

127 2658 129 2666 ’
194 2663 343 2740 consilini,
363 2685 466 2746 inquo
484 2663 667 2740 brevissime
685 2663 1401 2744 quaesanctvpatresnostrrantiquirelrgmms
1454 2687 1455 2746 3

194 2739 369 2814 christianae
393 2762 626 2854 propagatores,
651 2711 1161 2832 desepeliendirituscripserint
1175 2751 1315 2832 aperiam.
1358 2751 1401 2811 De
1454 2751 1455 2810 l

193 2839 392 2920 religiosisi
376 2840 453 2901 vitun
477 2839 646 2925 sepulturae
670 2837 901 2901 Christianorum
928 2841 1100 2902 ceremoniis
1119 2840 1339 2919 disputaturus,
1366 2840 1401 2900 ab
1454 2843 1455 2904 l

193 2927 319 2990 bominis
337 2926 488 3000 christiani
506 2925 688 3007 aegrotantis
708 2926 783 2988 actis
800 2927 1017 2988 sollemnibus
1008 2928 1138 3008 incipere
1154 2948 1261 3008 operae
1280 2927 1400 3007 pretinm
1454 2937 1455 3004 l

194 3015 317 3092 videtur,
339 3015 444 3078 deiude
462 3015 561 3096 aliqua
578 3033 748 3096 prosequar,
766 3035 841 3094 quae
859 3017 895 3077 ad
912 3016 967 3076 boe
983 3025 1185 3096 argumentum
1203 3014 1402 3078 convenientia

195 3121 262 3165 esse
277 3103 427 3184 judicabo.

282 3207 396 3287 Capl.
431 3207 483 3268 De
517 3205 809 3286 confessionis,
843 3207 1115 3269 eucharistiae
1145 3215 1180 3268 et
1206 3216 1400 3270 extremae

195 3293 379 3356 unctionis
401 3294 638 3355 sacramentis
656 3293 888 3377 animaequae
905 3295 1069 3358 morituri
1088 3295 1400 3358 commendatione.

194 3382 348 3444 Hominem
369 3380 559 3442 christianum
582 3393 780 3461 aegrotantem
798 3371 1146 3486 presbyterostooolesiae
1163 3403 1258 3463 usquo
1275 3385 1312 3444 ab
1330 3403 1400 3464 apo-

124 3515 128 3522 ·
194 3467 335 3531 stolorum
353 3469 532 3548 temporebus
550 3469 704 3543 visitasse
727 3491 779 3548 pro
802 3491 835 3532 eo
855 3491 967 3546 orasse,
990 3489 1087 3552 vpsrns
1104 3470 1267 3532 confitentis
1284 3482 1401 3550 peecata

194 3555 325 3618 audiisse
350 3565 377 3618 et
397 3556 564 3633 dimisisse,
592 3516 797 3618 eucharistiam
827 3559 996 3636 porrexisse
1029 3569 1233 3638 extremaeque
1256 3558 1399 3620 unctionis

194 3655 377 3706 sacramento
397 3647 542 3718 donasse,
568 3647 749 3706 docentium
769 3645 802 3707 S.
820 3646 948 3708 lacobus
967 3647 1137 3725 apostolus,
1157 3656 1215 3706 tum
1235 3644 1285 3706 alii
1305 3656 1400 3726 patres

194 3732 391 3812 apostolorum
410 3731 590 3812 temporibus
612 3733 710 3794 vieini.
747 3731 800 3794 llle
818 3733 931 3814 quidem
952 3754 999 3812 ep.
1018 3731 1048 3808 5,
1071 3734 1219 3795 tte—15.
1238 3732 1283 3792 sio
1300 3735 1399 3813 poeni-

194 3817 311 3878 teutiam
329 3828 357 3882 et
373 3830 529 3884 extremam
545 3821 711 3892 unctionem
729 3831 945 3884 commemorat:
964 3819 1153 3896 „lufirmatnr
1169 3820 1236 3900 quis
1252 3819 1283 3880 in
1300 3822 1399 3882 vobisl

193 3902 312 3964 inducat
330 3910 514 3986 presbyteros
534 3907 677 3970 ecclesiae
696 3919 723 3968 et
741 3919 823 3969 orent
842 3927 1025 3986 supereum,
1045 3917 1191 3987 ungentes
1211 3929 1277 3968 euru
1295 3908 1357 3970 eleo
1373 3909 1399 3970 iu

194 3989 311 4050 nomine
328 3993 454 4070 Domini,
473 4005 501 4054 et
517 3995 607 4056 oratio
626 3994 692 4056 fidei
710 3994 835 4057 salvabit
850 3993 994 4056 infirmnm
1013 4004 1040 4057 et
1056 3995 1203 4056 adlevabit
1218 4015 1283 4056 eum
1301 3997 1399 4057 Domi-

195 4096 267 4136 nus:
284 4085 312 4136 et
324 4079 348 4138 si
361 4080 391 4138 in
404 4081 529 4159 pereatis
542 4080 587 4157 sit,
603 4083 782 4144 remittentur
796 4083 863 4158 ei;“
881 4083 1065 4144 confessione
1077 4083 1192 4145 seilicet
1202 4093 1399 4164 peecatorum:

194 4182 281 4244 quam
302 4182 366 4224 cum
382 4185 481 4244 saepe,
506 4178 565 4228 tum
582 4181 710 4231 extremo
727 4171 803 4232 vitae
820 4169 918 4231 lacere
936 4170 1040 4232 solitos
1059 4170 1163 4249 luisse,
1180 4172 1257 4232 idem
1275 4172 1399 4234 Jacobus

193 4249 298 4327 innuit,
322 4253 386 4312 cum
404 4252 523 4332 subjicit
542 4257 582 4333 (v.
602 4258 675 4338 lo):
700 4257 904 4338 „confitemini
923 4278 994 4338 ergo
1014 4257 1066 4320 alii
1084 4259 1151 4321 aliis
1169 4268 1291 4341 peccata
1308 4272 1399 4323 vestra

192 4393 412 4415 Ἣ

262 4469 286 4538 ‘l
311 4470 388 4524 Prod.
408 4470 497 4526 Lovan
517 4471 646 4547 ibim,
666 4491 719 4529 rec.
740 4477 811 4532 Rom.
833 4481 909 4550 1581,
929 4483 959 4550 83
978 4481 1049 4553 Lips.
1071 4481 1147 4552 1717,
1167 4485 1193 4538 l.
