2944 4890
277 247 315 310 a
332 243 507 329 aaronem
523 245 626 310 ouer
640 245 675 310 rr
691 241 766 310 tect.
783 197 942 309 stererat
960 245 1085 326 tante.
1221 253 1286 320 ιιι

71 417 252 483 dichotomia
269 419 410 486 classium
427 420 702 486 catechumenorum
719 420 851 486 substitit
866 421 1003 498 ecclesie,
1020 424 1071 486 sed
1088 443 1169 496 mox,
1184 405 1305 490 cortesisx

71 509 189 580 idoneis
204 510 295 590 (quus
311 519 407 572 tantm
424 508 472 574 hie
485 529 622 576 emutare
638 509 758 590 lengum
773 519 802 572 et
817 510 855 572 ab
867 529 898 570 re
912 509 1001 590 louet)
1017 520 1103 587 mota,
1119 514 1157 572 nd
1174 513 1286 578 tricho-

73 588 192 660 tornittrn
208 617 370 678 prognem
388 607 449 675 ost,
469 617 555 680 quam
572 599 632 680 jam
652 599 730 678 apud
748 596 906 676 Origenern
925 595 1096 676 reperimus,
1116 610 1145 660 et
1163 619 1239 680 quae
1257 613 1286 665 et

71 683 139 762 ipsu
164 687 346 764 postmodum
365 685 465 748 varias
486 687 666 748 mutationes
685 705 824 765 perpessa
849 694 903 748 est.
948 684 1009 746 Sed
1034 685 1107 748 hneo
1130 685 1285 754 haetenus.

12 851 15 858 ¹
73 772 148 833 Nam
163 771 312 838 historiam
328 773 585 836 catechumenatu
600 772 724 834 ulterius
740 779 896 834 contexere
912 771 1071 844 alconsilio
1088 785 1191 834 nostro
1206 773 1285 838 atte-

72 879 143 920 num
174 861 235 936 est,
268 863 334 922 euni
361 861 436 942 qc'ae
466 861 619 944 hueusque
644 859 796 924 attulimus
820 861 858 922 ad
881 862 1116 938 cognoscendum
1140 861 1285 940 originem

72 944 249 1028 disciplinas
271 948 370 1010 arcani
389 947 548 1012 sufficiunt.
591 948 624 1008 ld
642 949 719 1028 quod
736 967 815 1008 nunc
833 946 937 1026 paucis
955 948 1210 1010 demonstrandum
1229 960 1286 1013 ests

71 1067 116 1080 -
133 1034 163 1119 ς.
173 1033 203 1097 tt.
233 1033 429 1123 Relationem,
445 1057 520 1117 quae
537 1033 806 1099 omerio-enatum
823 1033 899 1097 inter
915 1043 944 1096 et
960 1033 1092 1114 odgiues
1108 1035 1285 1117 disciplinae

74 1121 177 1183 arcsni
199 1121 375 1197 intercedat,
400 1123 613 1204 investigantes
637 1132 705 1184 anto
731 1121 829 1184 onnia
851 1141 951 1184 corum
979 1141 1123 1184 memores
1140 1143 1210 1186 usse
1228 1145 1286 1188 uos

73 1214 202 1289 operui,
227 1229 302 1291 qnae
321 1230 412 1291 repre
437 1210 480 1293 (ξ.
496 1211 530 1288 4)
554 1213 591 1272 do
614 1210 680 1274 loeo
700 1209 847 1289 disputata
865 1219 950 1284 sunt,
976 1231 1061 1290 quem
1080 1212 1285 1275 ermnuntta

70 1295 307 1369 Christianorum
331 1299 544 1380 primaevomm
565 1297 766 1360 catechumeni
785 1296 815 1358 in
836 1296 965 1360 ecclesia
983 1299 1130 1358 tenebant.
1166 1299 1199 1358 ln
1216 1298 1285 1378 ipso

70 1383 187 1446 scilieet
210 1384 336 1448 eeclesia
360 1395 443 1448 mant
460 1383 625 1461 constituti,
651 1403 709 1446 non
732 1382 827 1460 foris,
850 1382 926 1463 ipsis
943 1382 1121 1444 Christianis
1138 1404 1283 1446 accense-

70 1474 193 1548 bantur,
217 1493 274 1535 noo
294 1473 451 1538 entrnneis.
484 1473 547 1535 Nee
570 1481 665 1534 tumen
685 1481 840 1552 propterea
857 1470 987 1550 ejusdem
1005 1470 1117 1532 ordinis
1136 1481 1165 1534 st
1182 1471 1285 1551 digni-r

69 1560 141 1622 tatis
159 1571 242 1622 crant
261 1578 326 1622 eunt
344 1559 502 1637 fidelihus,
529 1560 560 1621 h.
580 1580 607 1622 e.
624 1557 802 1622 Christianis
824 1557 884 1638 ianr
909 1555 1022 1632 tinctis,
1048 1561 1102 1619 sed
1120 1558 1166 1619 hio
1186 1563 1284 1638 gradu

68 1645 294 1710 ecclesiasticae
314 1647 465 1728 dignitatis
488 1646 653 1709 inferiores.
687 1647 751 1708 inm
773 1665 845 1724 ergo
865 1654 931 1726 post
954 1644 1215 1708 catechumenium
1234 1646 1283 1708 in·
1394 1703 1403 1718 ,

68 1734 250 1798 stitutionem
268 1733 395 1798 eeclesia
411 1732 521 1816 duplex
538 1755 634 1815 genus
653 1732 886 1796 Christianorum
902 1731 1079 1805 continebat,
1095 1733 1156 1812 jam
1173 1733 1283 1813 duplex

68 1825 173 1884 aderat
191 1821 433 1898 christianismus,
456 1823 552 1900 gradu
570 1821 644 1882 alter
659 1823 697 1882 ab
714 1821 806 1882 altero
824 1818 969 1896 diuersus,
989 1827 1021 1880 ut
1039 1822 1128 1882 verbo
1145 1839 1282 1900 compre-r

67 1912 250 1989 bendnmus,
276 1908 511 1972 christianismus
535 1914 689 1970 exotericas
712 1917 740 1968 et
764 1905 997 1968 christianismus
1016 1914 1171 1968 esotrricur.
1198 1908 1280 1968 ‘Res

67 1997 202 2062 inaudita
219 2007 296 2060 certe
314 2007 341 2060 et
359 2017 444 2078 quam
463 2005 529 2058 ante
547 2006 676 2075 tempora
693 1992 852 2056 novitiatus
870 1992 978 2054 conditi
997 2013 1081 2058 nemo
1094 1991 1280 2056 Christiano·
1342 2017 1347 2020 ·
1430 2027 1434 2034 .

68 2107 134 2148 runt
152 2103 189 2148 no
201 2083 384 2150 somniasset
401 2083 532 2166 quidem,
557 2085 608 2144 sed
629 2081 785 2146 manifesta
808 2090 905 2142 tamen
925 2087 953 2141 et
969 2099 1044 2162 qune
1061 2080 1180 2162 exinea
1197 2087 1281 2144 ente*

68 2175 262 2237 chameunias
285 2182 394 2242 ,natura
416 2169 585 2234 necessario
613 2180 641 2231 et
664 2191 720 2232 sun
744 2178 849 2249 sponte
874 2171 1118 2248 consequebatur.
1158 2168 1283 2234 Fideles

65 2262 167 2340 itaqire
183 2269 302 2340 repente
319 2272 355 2322 ex
371 2259 549 2322 Christianis
564 2257 712 2338 gregariis
729 2256 759 2316 in
774 2255 959 2316 Christianos
974 2261 1114 2316 interioris
1129 2257 1282 2318 odnthsio-

68 2355 116 2410 nie
132 2347 327 2410 translorrunti
352 2353 430 2424 runi,
450 2367 485 2408 ea
504 2345 591 2407 unico
613 2346 648 2404 de
664 2360 772 2415 eausa,
794 2340 862 2420 quia
881 2339 930 2401 alii
955 2342 993 2400 ad
1012 2340 1181 2400 societatem
1199 2339 1282 2400 chri-

67 2436 195 2498 stianam
222 2443 427 2512 accesserant,
462 2431 528 2514 qui,
561 2427 692 2510 quamvis
720 2437 748 2488 et
771 2425 829 2506 ipsi
851 2423 1011 2486 Christiani
1038 2426 1232 2504 haberentur,
1263 2447 1282 2488 a

66 2533 318 2588 sacramentorum
343 2531 439 2588 tumen
466 2515 667 2581 communione
693 2512 844 2594 segregati
877 2513 1010 2593 adeoque
1037 2511 1097 2575 illis
1124 2508 1281 2590 inferiores

65 2619 162 2675 erunt.
196 2610 256 2672 Sed
273 2617 521 2672 sacramentorum
538 2607 634 2681 etiam,
652 2601 787 2683 baptismi
803 2600 921 2682 inquam
939 2610 967 2661 et
983 2621 1092 2663 eoenne
1107 2600 1281 2680 dominicae,

66 2697 245 2768 existimatio
277 2697 345 2759 hine
375 2697 444 2758 inde
468 2695 499 2756 iu
524 2691 650 2756 ecelesia
672 2688 843 2752 necessario
870 2688 1049 2750 incrementa
1074 2689 1151 2750 haud
1171 2689 1282 2770 exigua

67 2787 156 2868 cepit.
193 2784 279 2848 Notio
295 2785 362 2866 ipsa
380 2805 481 2846 eorum
500 2779 686 2844 mutationem
704 2775 803 2838 subiit.
837 2774 1007 2856 Baptismus
1024 2775 1100 2836 enim
1115 2775 1180 2854 ipse
1197 2787 1281 2838 notus

64 2875 119 2938 ille
136 2893 223 2937 sacer
238 2883 385 2954 erat,·quo
398 2868 559 2934 Christiani
575 2863 725 2928 inferioris
742 2861 853 2926 ordinis
870 2864 908 2924 ad
924 2861 1057 2924 altiorem
1074 2857 1283 2936 evehebantur,

66 2974 94 3026 ot
114 2981 203 3024 saera
222 2979 313 3023 coena
333 2960 431 3040 ipsum
451 2957 568 3038 epulum
588 2953 661 3015 illud
677 2960 819 3026 sanctum,
842 2970 900 3030 quo
919 2947 1030 3012 nemini
1047 2947 1282 3011 Christianorum

64 3039 125 3120 irni
148 3049 258 3110 licebat
279 3046 338 3110 nisi
360 3045 444 3128 prins
471 3061 523 3126 por
544 3036 959 3122 baptismum-christianismo
983 3035 1125 3098 esoterico
1148 3035 1283 3100 initiatus

65 3147 157 3200 esset.
197 3135 303 3196 Nonne
331 3155 403 3214 ergo
429 3129 599 3194 necessario
622 3129 696 3189 haec
716 3135 901 3188 sacramenta
923 3125 953 3184 in
973 3121 1101 3190 ecelesia
1121 3122 1283 3184 christiana
1399 3169 1402 3177 .

66 3227 193 3290 eundem
218 3241 359 3303 prorsus,
386 3240 470 3301 quem
496 3220 573 3281 intra
595 3215 757 3294 religiones
774 3231 907 3294 paganas
932 3211 1071 3294 mysteria
1089 3210 1283 3292 occupabant,

65 3314 167 3375 locum
197 3309 329 3372 obtinere
364 3309 524 3390 eodemque
553 3301 704 3367 cumillis
729 3298 1161 3362 censurenireridebuntnri
1203 3295 1283 3374 Quid

66 3395 182 3466 multui
210 3383 394 3460 sacramenta
419 3400 550 3470 mysterio
574 3391 756 3464 factasunt,
779 3389 809 3448 h.
828 3407 855 3450 e.
879 3387 1080 3468 mysteriorum
1100 3391 1174 3448 notio
1191 3383 1223 3444 in
1247 3403 1284 3444 ea

65 3485 211 3551 translata
236 3486 324 3565 est.*)
343 3517 387 3530 -
407 3483 435 3568 ᾗ.
455 3482 506 3544 10.
535 3481 619 3558 Quae
638 3479 686 3540 hic
711 3497 749 3538 ex
770 3474 865 3557 ipsius
889 3475 932 3536 rei
949 3484 1054 3538 natura
1073 3471 1283 3554 conclusimus,

65 3577 172 3638 cadem
184 3571 310 3634 historia
326 3591 441 3653 qnoque
456 3567 623 3630 luculenter
639 3573 769 3627 testatur.
798 3563 869 3624 lnde
883 3561 959 3624 enim
972 3563 1009 3624 ab
1022 3583 1056 3624 eo
1067 3558 1131 3642 ipso
1145 3570 1284 3640 tempore,

64 3684 126 3745 qno
150 3661 180 3722 in
200 3660 293 3742 prima
312 3659 569 3722 catechumenatns
588 3651 715 3732 vestigia
736 3649 925 3726 incurrimus,
951 3651 1039 3712 etiarn
1057 3648 1137 3711 clara
1152 3645 1283 3708 notionis
1397 3675 1401 3689 ·

63 3750 151 3812 illius
175 3757 421 3812 sacramentorum
447 3741 687 3816 christianorum,
713 3739 748 3800 de
773 3758 831 3819 qun
855 3739 940 3798 modo
965 3737 1098 3816 egimus,
1125 3742 1286 3815 suppetunt

64 3834 301 3920 documenta.‘*t
338 3832 442 3896 Testis
467 3827 692 3912 antiquissimus
715 3834 761 3887 est
784 3826 919 3888 lustinus
942 3825 1065 3906 Martyr.
1099 3821 1285 3902 Baptismum

66 3973 267 3986 ,...--.--.

168 3987 171 4000 Ι

137 4041 165 4110 *)
187 4039 284 4094 Locum
302 4039 376 4092 Pauli
391 4037 507 4106 Apostoli
528 4035 561 4088 sd
579 4033 675 4100 Ephes.
695 4033 720 4098 5,
738 4031 781 4087 tt.
801 4032 834 4082 ud
853 4031 1035 4084 stabiliendam
1051 4030 1119 4082 hunc
1137 4043 1286 4083 sacramen·

64 4120 154 4165 turum
174 4111 391 4162 existimationem
413 4105 529 4158 nonnihil
549 4103 705 4166 contulisse,
732 4115 762 4152 re
782 4116 816 4152 es
833 4101 968 4152 momentis
989 4100 1120 4152 historicis
1140 4101 1286 4167 dijudicate

62 4197 130 4234 vero
150 4193 241 4246 parom
260 4179 343 4230 simile
360 4177 474 4228 videtur.
670 4238 675 4251 ι
839 4237 845 4250 .
966 4237 972 4250 ι

137 4248 179 4312 **)
197 4245 236 4300 Ns
254 4248 365 4312 gentiles
383 4246 485 4314 quidem
504 4244 569 4294 haec
580 4240 786 4293 Christianorum
805 4238 890 4304 opinio
908 4237 996 4288 laturi.
1032 4235 1098 4290 Nutu
1116 4239 1166 4304 ipsi
1184 4243 1288 4302 quoquc

62 4317 286 4374 christianismum
306 4332 351 4384 pro
373 4315 461 4382 ulique
478 4326 601 4362 novorum
619 4325 643 4362 m
665 4307 801 4358 sturionum
818 4303 905 4373 speeie
924 4306 1065 4358 habebunt.
1102 4305 1197 4358 Eodem
1216 4302 1282 4381 lere,

62 4401 116 4456 quo
137 4385 256 4439 lustinus
269 4383 347 4438 blunt.
367 4384 486 4446 florebat,
506 4387 621 4446 tempore
680 4377 770 4428 cianus
783 4375 967 4426 Sumossteuue
986 4376 1030 4439 (ds
1043 4383 1125 4428 morte
1138 4371 1285 4432 Peregrini,

62 4475 91 4527 p.
109 4457 164 4516 utu
180 4471 204 4507 s.
223 4452 378 4508 Tounl'lll.
397 4452 464 4521 ⁰ll·
483 4450 525 4504 ed.
544 4447 660 4518 dieunt.)
681 4443 888 4500 cennomannis
907 4445 972 4498 bueo
989 4445 1094 4500 scribite
1115 4434 1175 4492 Τὸν
1192 4437 1284 4508 μέγαν

113 4541 182 4585 Ther.
193 4540 297 4593 cumcuin.
308 4538 381 4583 clmist.
391 4538 423 4582 11.
434 4542 456 4580 2.
676 4556 685 4574 t
1037 4527 1081 4591 24
