2944 4898
360 233 396 294 de
413 229 517 295 ritibus
532 229 754 315 baptismalibus
771 251 832 298 ean.
848 232 981 298 secundi.
1231 237 1276 299 77

57 423 257 485 personarum
280 404 345 484 ilat,
377 407 500 489 requirit
524 415 627 476 aucbr
650 405 791 470 librorum
814 405 1065 488 rmapnitionum‘)
1090 425 1126 468 ao
1149 413 1275 470 cunr'eo

57 493 271 573 consentiunt,
300 495 446 575 integrum
470 496 605 578 baptismi
629 507 725 559 aotam
748 494 899 576 eleganter
923 494 1110 571 describens,
1142 495 1275 558 lustinus

57 580 151 643 Mart.
160 578 207 664 **)
223 599 260 643 aa
277 590 500 645 nominationum
516 587 732 665 apostolicarum
747 581 926 666 auctor*⁸*).
964 581 1079 644 Etenim
1098 603 1184 664 quum
1201 582 1275 646 baec

57 667 188 730 formula
213 679 242 731 et
266 690 304 732 ex
327 670 496 733 dulcissimo
519 671 616 753 ipsius
639 669 804 734 Servataris
828 691 879 733 ore
904 668 1047 749 originem
1077 689 1160 732 auam
1186 672 1276 734 dunat
1317 725 1320 731 .

58 755 183 834 (Mattlr.
199 753 253 833 28,
272 760 327 838 19)
354 768 382 820 et
397 759 533 822 omnibus
549 759 680 822 numeris
695 759 726 820 in
744 757 906 820 divinarum
923 757 1084 819 litterarum
1101 777 1275 820 monumen-

58 843 94 905 tis
113 843 316 924 conspiciatur
332 844 494 928 ἔγγραφος,
519 847 623 908 mirum
640 865 699 908 non
715 843 870 922 ridebitur,
894 845 921 907 si
938 844 1068 907 eiusdem
1086 845 1127 908 ita
1143 855 1275 909 tenacem

57 952 89 993 sc
108 931 285 994 exhibuisse
299 934 547 1014 deprehendamus
564 933 659 996 seculi
673 933 761 996 buius
776 932 942 1010 eeclesiam,
959 940 992 993 ut
1007 952 1040 994 se
1056 932 1121 995 eius
1137 940 1166 995 et
1180 933 1274 997 inter-

57 1019 196 1082 missioni
214 1029 243 1081 et
258 1020 336 1081 omni
352 1021 553 1101 depravationi
570 1021 761 1087 immutationi
782 1020 830 1084 ael
855 1020 1056 1102 cuiuaanuque
1080 1020 1159 1082 modi
1185 1021 1276 1085 inerit

57 1106 244 1188 corruptioni
259 1109 403 1169 acerrimo
421 1110 518 1170 stadio
536 1109 714 1190 opposuerit.
747 1110 890 1171 Testatur
904 1108 961 1170 boc
978 1108 1135 1189 praecipue
1151 1109 1275 1171 Tertul-

54 1193 157 1257 lianus
174 1193 517 1276 huiaqnetestirnoninru
533 1201 747 1278 apostoticarum
764 1195 918 1275 annonam,
927 1196 1035 1278 quibus
1051 1215 1121 1258 vero
1136 1207 1274 1278 quantum

53 1283 185 1362 pretium
203 1285 387 1344 statuendum
405 1283 444 1346 sit
465 1283 528 1361 ipse
545 1283 657 1348 nouerit
673 1284 804 1346 eruditus
820 1283 923 1362 lenter,
954 1283 1161 1363 subiungimus
1171 1284 1217 1367 †).
1233 1321 1277 1332 -—

54 1371 82 1453 §.
100 1371 136 1434 4.
162 1369 250 1432 Sacri
269 1370 402 1451 baptismi
421 1371 576 1448 obiectum,
594 1375 671 1454 quod
686 1382 801 1450 uocant,
819 1372 976 1453 personale
993 1372 1079 1434 uobis
1095 1391 1174 1432 nunc
1189 1371 1276 1433 sisti-

53 1468 103 1518 tur
122 1457 362 1520 examiaaudum.
398 1456 486 1520 Aliud
510 1459 583 1520 iilud
607 1469 668 1536 eat,
692 1462 771 1540 quod
789 1468 1002 1522 sacramentum
1019 1459 1074 1519 boa
1090 1458 1276 1522 administrat

54 1564 92 1606 ac
110 1545 278 1626 dispensat,
303 1545 381 1607 aliud
399 1555 513 1627 auara,
538 1549 613 1627 qnod
630 1546 660 1607 id
676 1546 791 1628 accipit.
829 1547 908 1622 Hos,
933 1545 981 1626 qui
999 1544 1181 1607 salutiferam
1199 1547 1275 1610 banc

52 1631 126 1694 fidei
142 1643 287 1695 tesseram
303 1633 451 1714 accepturi
474 1645 573 1708 eraut,
599 1633 700 1696 merito
719 1632 910 1714 baptizandos
928 1632 991 1694 sive
1014 1632 1182 1695 candidates
1198 1635 1275 1715 bap-

53 1719 157 1798 tismi3
183 1719 253 1784 illos
271 1741 348 1798 aero,
372 1719 421 1802 qui
439 1741 501 1783 eam
518 1722 635 1799 dabant,
654 1720 802 1782 ministros
821 1739 968 1783 vocamus.
1007 1718 1040 1796 ti,
1067 1719 1115 1802 qui
1132 1718 1275 1802 religioso

53 1807 246 1888 baptismatis
263 1818 446 1870 sacramento
462 1808 596 1870 initiandi
618 1809 742 1888 binaque
760 1806 982 1869 christianornm
1007 1806 1111 1869 civium
1137 1807 1204 1869 albo
1221 1813 1275 1871 ad-

54 1895 211 1956 scribendi
230 1903 329 1973 erant,
357 1895 400 1958 rei
425 1895 558 1958 homines
573 1895 631 1956 iam
648 1895 739 1957 adulti
760 1905 787 1956 et
803 1901 898 1956 aetate
914 1893 1059 1974 provecti,
1086 1891 1132 1956 acl
1149 1895 1275 1960 infantes

52 1983 181 2045 inerunt
198 1990 227 2044 et
241 1983 453 2060 adolescentes,
471 1983 501 2043 in
519 1984 731 2060 teneraadbnc
747 1993 841 2045 aetate
859 1981 1008 2043 constituti
1027 1991 1053 2042 et
1068 1981 1137 2044 hino
1154 1984 1275 2048 rationis

55 2073 191 2131 noudum
208 2069 296 2150 pleno
313 2089 372 2131 usn
388 2073 562 2150 gaudentes.
600 2072 645 2132 De
662 2069 804 2151 baptismo
822 2069 966 2132 inlautum
982 2090 1041 2132 nou
1058 2072 1159 2132 eadem
1178 2073 1275 2135 eecle-

59 2157 131 2218 siae
146 2156 231 2219 buius
247 2158 311 2220 aeri
337 2157 505 2219 doctoribus
529 2158 671 2220 sententia
694 2157 759 2222 luit.
795 2157 924 2238 Liquido
946 2177 1011 2220 eura
1030 2160 1173 2238 approbat
1188 2170 1275 2241 atque

60 2243 188 2325 requirit
200 2245 341 2308 irenaeus
352 2248 408 2324 ††)
418 2269 427 2324 3
451 2245 655 2308 Tertullianus
673 2255 770 2308 autem
787 2265 845 2313 non
863 2253 962 2327 aperte
979 2244 1093 2326 quidem
1109 2245 1202 2327 illum,
1220 2268 1274 2310 ceu

54 2467 118 2514 cap.
138 2450 184 2506 26.
207 2466 233 2516 p.
251 2449 325 2505 tera.
343 2451 448 2517 repetit,
469 2451 568 2518 diceus,
591 2453 719 2502 Christum
736 2451 873 2501 rnnndaaec
890 2451 1034 2516 discipulis,
1054 2460 1082 2500 ut
1100 2452 1231 2518 tingerent
1248 2455 1275 2504 in

51 2527 164 2584 patrem
183 2525 208 2566 et
226 2517 309 2580 filiunt
324 2527 349 2568 et
367 2521 492 2582 Spei-itam
511 2525 538 2570 S.

129 2585 162 2652 *)
182 2587 220 2636 ita
239 2587 304 2640 eninr
322 2593 414 2638 auctor
430 2588 475 2638 ilia
493 2589 523 2652 b,
543 2589 569 2640 9.
596 2588 663 2655 apud
683 2587 891 2638 Coteicrium
914 2595 973 2641 torn.
994 2589 1018 2640 i.
1041 2597 1114 2653 patr.
1138 2592 1272 2655 aportatic.

54 2674 79 2724 p.
106 2656 176 2707 557:
202 2663 240 2704 eat
257 2657 284 2704 in
308 2657 383 2724 aperie
397 2657 456 2706 irtio
476 2658 725 2707 misericordiarum
742 2657 883 2724 quaedam,
907 2673 975 2723 qaae
995 2675 1027 2706 ex
1046 2659 1121 2707 initio
1139 2658 1276 2722 ferebatur

53 2741 140 2790 σοφεν
160 2740 206 2772 aas
226 2732 250 2772 et
268 2725 386 2789 agnoscit
404 2741 460 2790 coa,
480 2727 526 2794 pai
543 2726 712 2789 baptizantur
729 2726 777 2774 cuir
795 2725 971 2789 appellatione
987 2727 1099 2789 triplicia
1120 2730 1278 2779 sacramenti

55 2804 79 2842 et
102 2793 185 2857 eripit
203 2809 245 2842 eoa
263 2794 295 2841 da
310 2794 446 2858 aapplice'r'e
463 2794 561 2858 saturno
582 2799 633 2844 etc.
653 2794 714 2844 itam
729 2794 755 2858 3,
776 2793 819 2844 bt.
840 2809 865 2859 p.
885 2792 944 2844 537.
966 2794 1076 2846 dieitur:
1098 2796 1276 2861 baptizabatur

54 2862 239 2930 unusquisqne
258 2870 369 2912 acetrum
387 2863 416 2912 c'n
434 2864 510 2930 aporia
531 2863 703 2927 perennibus,
729 2863 830 2910 nornine
853 2863 940 2910 trinae
966 2863 1134 2912 dentitacla'nr'e
1157 2866 1275 2915 inuocato

54 2945 266 3064 rupem-apol·
286 2997 327 3051 li.
349 3015 375 3066 p.
394 2977 439 3052 94.Ι
466 2999 509 3050 ubi
528 3011 649 3065 expresse
667 2997 779 3050 dieitur:
807 2993 848 3047 ἐπ’
872 2989 1010 3064 ὀνόματος
1031 2998 1079 3048 τοῦ
1098 2994 1276 3062 auspicemin

56 3064 140 3150 ὅλωνι
152 3065 201 3116 καὶ
219 3060 358 3120 δεσπότου
378 3067 448 3120 Θεοῦ
468 3067 515 3118 καὶ
534 3067 583 3118 τοῦ
601 3066 722 3134 σωτῆρος
739 3060 820 3136 ἡμῶν
837 3065 921 3130 Inani
942 3067 1065 3136 Χριστοῦ
1082 3066 1129 3117 καὶ
1147 3060 1276 3138 Πνεύμο-

57 3155 105 3196 τος
123 3139 360 3272 ᾖζςυὶῶηῌῖ.
381 3223 406 3273 p.
429 3205 488 3259 371.
511 3207 575 3257 bace
594 3205 732 3282 leguutnr3
753 3196 825 3253 οὕτω
844 3204 992 3284 puncturae,
1014 3200 1051 3262 nia
1071 3199 1085 3256 ὁ
1103 3197 1206 3273 Κύριος
1223 3204 1276 3260 ‹icc-

58 3268 163 3333 τάξατο
181 3268 252 3340 ἡμῖν
276 3275 378 3340 λέγων·
404 3277 586 3343 πορευθέντες
608 3275 799 3342 patarinum
817 3287 911 3323 ποντα
929 3269 961 3322 τὰ
986 3271 1070 3337 ἔθνη,
1095 3278 1277 3339 βαπτίσαντες

60 3339 164 3400 αὐτοὺς
181 3343 220 3400 εἰς
237 3340 268 3394 τὸ
289 3337 379 3410 ὄνομα
397 3344 447 3394 τοῦ
466 3340 580 3410 πατρὸς,
600 3341 647 3392 καὶ
665 3342 713 3392 τοῦ
733 3341 794 3392 niori
812 3341 860 3415 ani
877 3343 927 3392 τοῦ
944 3337 1028 3407 n‘cytou
1045 3338 1204 3412 πνεύματος
1219 3347 1276 3401 nri.

130 3411 162 3478 †)
181 3411 317 3464 couilranut
336 3414 383 3463 bne
401 3413 495 3479 partim
511 3411 653 3464 nenessitas
673 3410 834 3462 adhibendae
854 3411 930 3462 baius
949 3411 974 3462 iu
995 3412 1120 3480 baptismo
1139 3416 1277 3466 verborum

62 3481 192 3534 lormulaa
214 3497 273 3536 can.
294 3490 378 3546 apost.
400 3483 444 3534 tt).
470 3483 507 3532 ita
531 3482 662 3534 indicata:
688 3481 714 3530 ai
735 3481 793 3547 qaia
817 3481 951 3544 epiecopus
975 3489 1023 3529 ant
1041 3483 1176 3549 presbyter
1201 3485 1277 3533 iaxta

60 3551 424 3670 iii‘i‘iiissii'iiiii
437 3551 658 3668 &iiiiii
671 3549 1276 3678 taetitia“dt'¹i.‘t„ttt“ttitti²

65 3689 225 3748 obiicientem
246 3687 339 3754 partim
357 3636 465 3738 reiectio
485 3636 610 3738 turibulis
629 3685 804 3751 baptismalis,
828 3651 997 3735 tritb’eisanuun
1016 3635 1165 3751 natatoriis,
1188 3688 1213 3736 in
1233 3656 1278 3737 na3

64 3759 133 3808 mine
151 3755 229 3806 triam
249 3757 305 3806 siaa
323 3756 398 3806 initio
423 3756 605 3822 principiorum
624 3755 756 3820 prolatae,
786 3760 877 3804 eontra
897 3767 971 3818 quarn
990 3753 1057 3804 idem
1075 3769 1157 3804 canon
1179 3755 1278 3809 directe

66 3827 183 3877 sancitus
203 3825 322 3888 videtum
348 3825 410 3876 item
436 3824 542 3875 retentio
567 3823 730 3874 introductae
754 3820 928 3873 alienandae
955 3822 1127 3889 corruptionis
1152 3823 1277 3878 formulae

66 3893 218 3961 baptizandi
245 3893 364 3956 divinae,
394 3893 544 3943 immutatae
568 3893 594 3942 iu
617 3906 707 3941 nomen
732 3891 829 3958 ipsius,
855 3891 886 3941 de
913 3905 962 3958 quo
983 3889 1221 3944 Tertullianus
1245 3895 1277 3946 da

64 3963 221 4027 praescript.
241 3962 286 4015 lb.
306 3978 331 4028 p.
349 3962 411 4014 tot.
433 3962 487 4011 alt:
513 3961 636 4030 quicquid
652 3977 681 4010 ae
697 3960 782 4010 Simon
800 3960 918 4022 dixerat,
944 3959 991 4008 doc
1009 3975 1037 4010 ec
1057 3963 1206 4010 Menander
1224 3979 1279 4014 ease
1301 3997 1306 4008 f

67 4032 183 4096 dicebat,
203 4046 319 4094 negans,
339 4031 435 4080 babere
446 4045 524 4095 pocae
542 4043 684 4098 quenquam
700 4029 819 4089 salutern,
836 4028 889 4077 nisi
903 4029 932 4076 in
948 4030 1048 4078 nomine
1065 4045 1112 4079 erec
1129 4031 1279 4096 baptizatae

66 4099 173 4164 sabaea,
202 4105 230 4149 et
247 4099 401 4166 improbatio
419 4097 544 4150 iorrnulae
571 4099 597 4148 iu
620 4103 728 4150 mortem
747 4095 845 4147 Christi
864 4096 966 4162 diotae,
996 4113 1028 4150 ex
1051 4099 1199 4151 testimonio
1220 4118 1279 4158 ran.

65 4167 270 4304 wifrido.
286 4237 474 4300 doncami-
491 4235 588 4306 pili.
607 4235 648 4286 ed.
667 4215 802 4299 Mansueti,
821 4233 865 4285 nbi
883 4234 948 4286 baca
967 4234 1092 4299 legimus:
1108 4253 1193 4288 omnm
1209 4237 1278 4288 venit

66 4307 192 4356 Dominae
210 4309 287 4356 Iasae
307 4307 425 4357 ebriatae
440 4306 671 4370 persemetipsum
690 4305 813 4366 omnam,
832 4317 931 4368 omnen,
950 4303 1071 4372 inponam,
1094 4307 1141 4372 qai
1152 4321 1203 4370 per
1221 4321 1278 4353 earn
1373 4311 1375 4316 '

66 4383 240 4426 renascantur
268 4375 296 4424 in
319 4377 415 4440 Deam,
445 4375 458 4423 ι’
487 4383 561 4424 anter
587 4381 613 4422 et
634 4373 761 4438 parandae
785 4379 810 4420 at
831 4387 929 4438 parrae
945 4380 971 4421 et
988 4374 1092 4423 inemec
1113 4379 1139 4423 ei
1156 4373 1278 4428 aeniarea.

66 4441 128 4496 Ideo
141 4461 195 4514 per
210 4459 308 4498 amnena
322 4446 391 4498 amit
405 4449 449 4498 aet
543 4451 569 4494 et
583 4440 730 4512 infantiae
745 4439 953 4510 inimicarer,
971 4439 1136 4506 amntem
1151 4439 1276 4508 insonter,
