2942 4892
365 240 401 300 de
416 244 545 303 rotarum
559 237 795 304 Christianorum
810 240 925 324 agapis.
1191 239 1256 309 203
1367 253 1373 264 ’

20 411 152 492 tiquam
170 411 202 472 in
220 410 355 494 paschali
365 431 458 477 coena
474 433 509 476 se
522 413 724 478 conformasse
736 415 896 498 Christum,
922 416 1124 499 evangelistae
1140 421 1271 485 docent..

20 501 139 562 Lucas
157 497 220 578 22,
244 502 297 563 2⁰.
320 507 461 583 testatur,
486 499 621 583 poculum
646 524 712 564 eam
735 506 894 580 sumsisse,
920 516 1075 587 postquam
1099 519 1257 572 cassasset

23 576 128 668 (μετὰ
155 576 192 646 τὸ
216 580 418 669 δειπνῆσαι).
453 591 532 652 idern
548 589 661 652 Paulus
678 591 786 654 latetur
810 595 825 654 l
845 592 915 657 Ger.
932 593 983 670 11,
1001 596 1062 669 253
1086 613 1142 656 nco
1159 599 1256 659 obstat

23 676 146 737 Mutth.
163 671 216 751 26,
234 677 286 739 26.
303 687 331 738 ct
345 675 439 740 Marc.
459 676 509 754 16,
527 680 579 739 22.
595 677 773 740 ἔσθιόντων
787 672 901 745 αὐτῶν.
931 679 1016 743 Τιιοι
1027 681 1112 743 etin!
1128 679 1255 762 Plinius,

24 763 83 843 qui
104 771 244 826 anunente
267 763 297 824 ia
314 763 445 828 instituta
462 763 692 844 Christianorum
715 766 926 848 inquisierant,
951 769 1041 830 unius
1059 773 1255 836 tantummodo

25 850 168 914 convivii
185 860 263 912 stato
278 851 325 913 die
343 852 445 916 haberi
462 853 542 915 soliti
557 853 731 916 mentionem
748 853 829 919 facit.
855 890 893 904 -
920 857 1138 919 Aberrarernut
1153 857 1254 938 igitur,

26 939 83 1020 qui
106 959 143 1000 ex
163 935 341 1001 Tertulliani
358 940 486 1022 apolog.
502 939 554 1004 34.
578 941 713 1004 evincere
737 943 912 1016 studebant,
938 945 968 1004 iu
992 943 1098 1026 agapis
1115 945 1255 1008 euchari-
1334 1011 1342 1022 ,

25 1027 113 1088 stiae
129 1025 252 1087 nullum
269 1047 355 1089 usum
379 1029 493 1106 inisse,
510 1032 594 1110 ”quod
613 1029 818 1092 'Pcrtnlliauus
844 1029 874 1090 in
898 1030 954 1092 hoe
979 1031 1046 1094 luco
1070 1029 1159 1114 plane
1176 1035 1212 1098 de
1228 1053 1256 1099 ι.

26 1133 132 1176 coena
146 1107 253 1178 tacent.
285 1114 344 1177 Sed
361 1115 554 1191 nihilexinde
571 1117 711 1198 sequitur.
743 1115 837 1182 Valde
853 1126 949 1181 antem
968 1121 1129 1183 canendum
1146 1133 1200 1199 est,
1217 1141 1255 1186 ne
1275 1153 1279 1167 ·

27 1201 185 1282 originem
201 1223 239 1264 ex
256 1203 470 1266 consuetudins
487 1207 680 1282 deducamus,
706 1225 781 1286 qnae
804 1217 933 1287 ternpore
949 1209 1064 1271 demum
1081 1211 1255 1289 precedente
1285 1243 1288 1252 ·
1342 1271 1347 1282 ,

26 1289 173 1352 invaluit.
209 1289 361 1354 decidisse
384 1291 442 1353 hoe
465 1292 579 1355 videtur
602 1291 745 1371 lastello,
768 1294 818 1375 qai
844 1314 1005 1376 agapetum
1030 1295 1143 1359 narium
1167 1317 1254 1360 usum

27 1378 159 1439 minime
175 1378 353 1459 respiciens,
378 1379 408 1440 in
433 1381 509 1442 notis
533 1383 570 1443 ad
589 1379 664 1443 God.
683 1401 788 1444 canon.
812 1382 941 1448 univers.
962 1382 1070 1446 coclea.
1088 1385 1125 1444 ad
1149 1402 1255 1449 canon.

29 1469 86 1528 ll.
108 1463 217 1526 cenail.
235 1465 401 1546 Gangrens.
419 1468 505 1529 nimie
523 1470 664 1530 audacter
680 1468 823 1530 affirmat:
846 1469 945 1531 Prima
962 1480 1043 1532 erat:
1063 1461 1162 1553 ipson
1178 1460 1254 1532 aiei·

27 1573 81 1624 σις
89 1578 102 1630 ;
127 1556 260 1615 secunda
275 1573 344 1635 pars
363 1544 518 1638 ποτήριον
534 1553 594 1635 τήν
611 1549 751 1636 εὐλογίας
757 1579 767 1630 ;
791 1554 874 1616 tertia
891 1575 961 1636 pars
985 1547 1090 1639 ἀγάπη
1108 1557 1137 1618 h.
1155 1578 1181 1619 e.
1199 1577 1253 1619 so·

30 1641 131 1702 briunr
150 1641 315 1704 conuiuium
334 1663 352 1705 a
368 1641 544 1704 Christianis
568 1643 599 1703 iu
617 1642 745 1704 eeclesia
761 1642 903 1705 celebrari
929 1643 1058 1706 salitum.
1097 1643 1253 1710 Caeterum
1368 1719 1371 1722 ,

31 1749 154 1809 agapae
172 1732 255 1790 modo
273 1739 349 1804 ante,
366 1730 451 1792 modo
468 1741 535 1812 post
551 1723 758 1792 eucharistiam
776 1730 1010 1795 celebrabantur.
1049 1731 1135 1810 Quod
1153 1753 1188 1796 eo
1205 1733 1253 1796 di·

28 1815 166 1901 lneidins
191 1817 360 1898 apparebit,
392 1818 417 1878 si
444 1818 618 1898 scriptorum
643 1816 910 1881 ceclesiasticorum
936 1820 1018 1881 loeus
1043 1819 1073 1879 iu
1099 1826 1253 1902 utramque

28 1915 149 1986 partem
173 1905 429 1986 adscripserimas.
476 1905 692 1968 Eucharistiam
724 1917 789 1987 post
814 1925 928 1989 agapas
954 1907 1049 1969 inisse
1075 1906 1252 1972 celebratam
1367 1937 1372 1949 ’

27 1992 138 2073 primis
157 1993 300 2056 eeclesiae
318 1993 507 2074 temporibus,
526 2013 563 2055 cx
581 1993 654 2056 locis
671 2014 794 2072 suprae
811 1995 885 2056 nore
906 1995 1024 2058 loedere
1041 1993 1139 2058 allatis
1157 1995 1253 2060 mnni-

29 2081 144 2142 festum
164 2090 217 2142 est.
243 2081 305 2144 Cir.
322 2080 456 2162 inprimis
474 2081 573 2144 lCor.
586 2081 635 2158 ll,
654 2084 706 2144 21.
723 2083 774 2144 ubi
792 2081 945 2164 apostolus
961 2073 1110 2165 κυριακὸν
1125 2075 1254 2148 δεῖπνον

30 2189 138 2230 eorum
161 2175 262 2247 rneat,
288 2169 336 2250 qui
361 2168 574 2231 conveniebant
589 2172 625 2231 ad
644 2190 798 2232 commune
823 2171 987 2234 convitium
1005 2171 1035 2232 ia
1053 2171 1178 2235 eeclesia
1195 2193 1251 2254 pa-

29 2259 171 2318 randum.
206 2256 240 2316 ln
257 2277 314 2338 qne
332 2256 362 2317 id
378 2256 559 2337 potissimum
578 2258 772 2338 reprehendit,
791 2261 870 2340 qnod
888 2259 1090 2341 unnsquisque
1106 2259 1252 2339 propriam

29 2345 118 2424 prius
137 2363 259 2406 coenam
278 2347 422 2422 sumebat,
447 2347 520 2406 adeo
535 2353 567 2406 ut
584 2345 633 2406 alii
651 2345 806 2422 esurirent,
825 2344 876 2408 alii
894 2367 962 2409 veno
981 2357 1082 2408 essent
1097 2345 1253 2409 luxuriosi.

29 2431 115 2493 Dicit
134 2430 230 2494 enim:
250 2415 403 2503 Ἕκαστος
419 2422 475 2514 peip
492 2421 527 2493 τὸ
547 2425 628 2494 ἴδιον
645 2428 773 2494 δεῖπνον
789 2422 1005 2516 προλαμβάνει
1022 2432 1056 2496 ἰν
1073 2429 1117 2513 τῷ
1133 2439 1254 2515 φαγεῖν.

29 2519 120 2582 Unde
137 2529 275 2601 apparet,
301 2539 353 2582 cos
371 2521 453 2600 prins
471 2540 632 2598 coenasse,
658 2529 775 2602 tumque
799 2541 824 2581 s.
849 2541 971 2584 coenam
989 2521 1020 2582 in
1042 2520 1089 2582 his
1107 2521 1271 2608 conviviis,

31 2607 192 2670 sumsisse.
236 2608 321 2688 Apud
349 2607 516 2670 Corinthios
541 2608 617 2669 enim
640 2612 938 2688 prara.eonsnetudo
962 2607 1103 2687 invaluit,
1130 2619 1160 2672 ιιι
1184 2619 1252 2674 ante

31 2715 158 2757 coenam
177 2695 350 2757 dominicam
369 2695 522 2758 ecelesiam
548 2694 689 2757 conviviis
706 2697 856 2758 turbarent
873 2707 901 2758 et
917 2699 1151 2761 dehonestarent.
1190 2698 1251 2762 Ve-

29 2783 89 2844 luit
106 2793 204 2846 autem
220 2781 344 2860 Paulus,
371 2794 400 2845 nt
416 2803 516 2845 omnes
530 2782 563 2843 in
579 2803 731 2845 eomnrnne
747 2792 944 2860 vescerentur,
970 2795 1000 2846 ut
1018 2783 1127 2846 divites·
1139 2803 1194 2845 sna
1214 2805 1252 2849 ex

31 2871 215 2934 abundantia
246 2891 391 2952 pauperes
413 2872 574 2952 inopesque
602 2881 778 2932 recrearent.
825 2871 971 2933 Probatur
994 2873 1068 2933 haee
1093 2869 1250 2950 sententia,

31 2979 151 3040 agapas
170 2979 195 3020 s.
212 2979 332 3021 coenam
357 2958 535 3039 praeivisse,
561 2956 711 3020 nonnullis
729 2957 815 3019 etiarn
839 2959 1011 3039 scriptorum
1031 2956 1251 3021 ecclesiastieo-

30 3067 96 3107 rum
114 3045 193 3107 loeis
210 3044 348 3110 classicis
364 3045 558 3126 Senomeui*)
575 3055 604 3108 et
620 3045 819 3125 Socratis**),
839 3045 887 3126 qui
907 3055 1043 3127 tauquam
1061 3066 1121 3107 rem
1141 3044 1250 3125 singu·

31 3133 127 3196 larem
151 3143 249 3212 notat,
273 3137 350 3216 qnod
374 3134 404 3219 i'n
422 3133 557 3196 ecclesiis
574 3133 698 3215 Aegypti
717 3143 744 3194 et
759 3132 922 3195 Thebaidis
939 3133 1043 3196 diebus
1060 3131 1250 3195 sabbatisub
1328 3207 1335 3226 ὶ

33 3243 198 3302 vesperam,
223 3231 377 3304 postquam
393 3219 501 3304 epulati
520 3221 579 3283 siut
595 3232 623 3283 ct
639 3220 728 3282 variis
746 3221 820 3283 cibis
837 3221 978 3300 saturati,
1007 3220 1155 3284 oblatione
1172 3220 1260 3284 laeta'

34 3309 244 3373 eucharistiam
261 3309 419 3373 eelebrent.
456 3309 543 3386 Quod
562 3308 647 3370 etiam
665 3309 770 3370 concil.
787 3303 924 3384 Trullan.
950 3331 1016 3373 can.
1034 3311 1086 3372 29.
1110 3309 1250 3400 prohibe·

33 3408 88 3473 tur,
104 3399 173 3478 ipsa
188 3399 289 3480 quinta
304 3398 381 3460 feria
396 3396 585 3460 hebdomadis
602 3395 752 3478 paschalis
768 3418 826 3458 uon
844 3405 977 3480 excepta.
994 3435 1037 3446 —
1052 3397 1251 3479 Temporibus

33 3478 342 3564 senioribus,‘ordinc
366 3486 534 3561 immutato,
557 3495 624 3565 post
648 3485 853 3548 eucharistiam
876 3507 991 3570 agapae
1013 3485 1250 3548 instituebantur.

34 3575 162 3652 Quando
181 3576 236 3636 hoe
253 3573 315 3636 lieri
333 3573 479 3656 coeperit,
508 3593 546 3635 ex
565 3571 690 3635 coneilio
708 3571 966 3654 Carthaginiensi,
991 3571 1103 3635 Aurelii
1121 3582 1250 3653 tempore

35 3661 194 3741 celebrato,
218 3659 319 3744 colligi
336 3681 427 3744 posse
443 3661 566 3740 ridetur,
590 3663 666 3742 quod
684 3661 791 3740 sanxit,
807 3672 839 3723 ut
855 3671 1039 3728 sacramenta
1055 3657 1158 3722 altaris
1173 3680 1251 3722 non-

42 3825 257 3838 n*

102 3918 131 3988 *)
150 3919 218 3972 nist.
238 3917 350 4002 exech-7,
365 3919 420 4000 aa:
439 3914 529 3985 ’Παρὰ
547 3917 580 3972 δὲ
597 3919 762 4004 Aipvnrtcrc
780 3915 945 4000 tenuitate
959 3909 1063 3998 pediam
1080 3914 1128 4000 apl
1144 3909 1251 4004 colpum

35 3985 111 4056 παρὰ
130 3985 161 4041 τὸ
180 4005 259 4060 κοινῃ
277 4001 349 4042 aaut
368 3990 573 4058 νενομισμένον
592 4005 665 4056 προς
682 3986 804 4056 ἑσπέραν
822 4003 859 4053 τῳ
877 3989 1005 4053 nappaeae
1024 3997 1174 4054 συνιοντες,
1191 4003 1251 4057 rppe-

36 4050 162 4123 στηκότις
179 4049 242 4126 ἤδη,
261 4052 422 4128 μυστηρίων
438 4058 592 4128 pompeam.

103 4174 143 4241 **)
166 4177 233 4231 iiiut.
262 4180 328 4232 eccl.
348 4180 374 4243 h,
394 4182 438 4236 22.
466 4183 504 4248 ap.
523 4178 585 4235 286.
605 4179 647 4230 cd.
664 4176 788 4245 Vates.)=
822 4169 952 4243 Alpium
975 4173 1007 4228 dd
1029 4177 1152 4245 γείτονες
1175 4169 1253 4235 ὅντες

33 4241 250 4317 Ἀλεξανδρέων,
275 4247 323 4299 καὶ
341 4249 367 4300 ot
386 4245 436 4312 τὴν
453 4245 579 4314 Θηβαίδα
596 4245 751 4310 οἰκοῦντες,
774 4244 806 4298 ἐν
822 4239 950 4313 empticium
968 4260 1025 4314 μεν
1038 4245 1188 4298 ποιοῦνται
1203 4257 1251 4296 uu·

36 4309 137 4382 νάξεις,
165 4313 218 4402 οὐχ
242 4313 363 4376 ὡς’ἕθος
381 4316 413 4370 δὲ
433 4319 606 4387 χριστιανοῖς
630 4315 685 4366 τῶν
702 4319 863 4383 μυστηρίων
881 4308 1134 4387 μεταλαμβάνουσι.
1168 4308 1251 4366 Μετὰ

35 4402 89 4453 γαρ
116 4383 147 4438 τὸ
173 4386 354 4454 sumptim,
375 4387 431 4438 και·
444 4389 587 4438 παντοίων
614 4377 776 4452 ἐδεσμάτων
800 4385 1012 4458 ἐμφορηθῆναι,
1038 4385 1102 4456 napi
1128 4381 1250 4448 ἑσπέραν

37 4457 243 4526 προσφέροντες
262 4456 317 4508 τῶν
332 4457 492 4527 μυστηρίων
510 4447 764 4526 μστοιοίμβάνοοσι.
