2942 4892
206 179 275 288 eus
593 137 675 248 m.
696 247 699 256 f
717 181 745 246 ι.
760 177 1037 246 cenoman
1117 187 1123 196 ¹

209 359 366 440 Frequens
388 353 477 420 otian
498 352 530 418 in
553 361 683 420 autumn
707 353 826 437 scriptis
841 349 912 416 'roe
934 352 1103 416 συσσιτίων
1126 350 1429 418 Lacedaemoniorum

209 444 319 512 necho
343 443 392 521 ht,
420 463 543 525 quorun
566 441 731 508 institutum
756 463 775 506 a
799 441 993 528 Cretensibus
1018 442 1138 523 petitnuu
1161 461 1229 506 esse
1248 439 1429 504 Aristoteles

209 531 299 599 Polit.
314 529 346 610 2,
363 532 481 594 9-10.
497 541 526 594 et
541 530 648 596 Strabo
666 530 718 609 10,
733 532 810 595 484.
826 550 854 594 a.
869 532 998 594 tradunt.
1030 529 1113 592 llaec
1128 549 1197 592 uero
1214 549 1275 590 non
1293 528 1355 590 suli
1374 529 1430 590 La·

211 617 394 686 uedueunouii
411 637 477 682 curu
495 618 687 682 Cretensibus
703 620 851 680 habebant
868 617 1047 694 communia,
1071 619 1123 680 sed
1140 616 1342 678 Athenienses
1360 638 1429 698 quu-

213 730 289 792 que,
315 727 438 789 quururu
454 700 568 768 δεῖπνα
584 695 750 783 φυλετικὰ,
776 697 944 786 δημοτικὰ,
969 697 1123 786 φρατρικὰ
1141 715 1168 766 et
1185 692 1360 787 bpyen'rrraci
1380 706 1429 766 huc

212 797 369 862 referendo
383 813 467 872 esse,
492 803 596 856 auctor
612 803 656 856 est
675 793 841 856 Athenaeus
857 792 878 856 l.
896 793 916 856 Ι.
932 789 964 867 5,
980 794 1010 856 2.
1047 793 1109 854 Nec
1135 813 1203 854 uero
1221 791 1353 854 Graecis
1369 801 1428 853 tau-

213 885 360 951 tnrnunudo
376 882 450 944 haec
466 880 576 943 usitata
592 881 723 944 luerunt.
756 881 915 944 Habebunt
930 879 1006 942 eniuu
1024 887 1052 952 et
1068 878 1341 966 Carthaginienses
1358 899 1428 938 συσ-
1449 863 1450 948 l

213 973 300 1034 σίτισ
316 966 379 1030 cuir
394 964 538 1047 ἑταιριῶν
551 959 760 1050 παραπλήσια
775 973 843 1039 τοῖς
858 962 1015 1046 φιδιτίοις,
1033 977 1066 1030 ut
1081 969 1167 1030 docet
1180 967 1361 1030 Aristoteles
1377 966 1396 1026 l.
1410 965 1426 1028 l.

213 1057 316 1136 211.
354 1057 439 1136 dpud
455 1055 606 1120 Rauracos
620 1076 740 1137 qnoque
757 1055 828 1118 talia
850 1054 985 1117 convivia
1007 1053 1208 1132 obtinuerunt,
1232 1055 1283 1136 qni
1306 1053 1427 1133 collegia

154 1191 157 1206 ,
215 1143 353 1209 sodalitia
367 1141 533 1222 habebant,
560 1163 637 1224 qaue
652 1144 683 1205 iu
700 1143 784 1206 libris
798 1139 968 1225 βασιλικῶν
989 1151 1130 1204 uocantur
1151 1131 1297 1223 ἑταιρικὰ
1317 1130 1427 1220 συστή-

215 1253 300 1311 ματα
316 1239 344 1293 et
359 1240 479 1311 propter
494 1231 598 1312 epulas
622 1229 870 1308 instituebantur3
892 1250 947 1292 neu
964 1229 1026 1292 lere
1043 1227 1170 1310 collegia
1192 1229 1337 1310 fuerunt,
1361 1249 1427 1310 quse

214 1340 276 1384 nun
293 1317 436 1382 haberent
450 1308 609 1398 συμπόσια
625 1327 654 1380 et
668 1318 941 1382 commessationes.
965 1317 1032 1380 lluc
1048 1317 1176 1380 collimat
1192 1315 1259 1398 ipse
1280 1315 1426 1395 Cicero*).
1449 1349 1450 1390 p

215 1405 309 1471 Plura
335 1407 372 1468 de
397 1405 444 1481 his
468 1405 621 1485 congessit
642 1405 724 1470 Guil.
746 1405 890 1468 Stuckius
913 1405 945 1466 in
962 1403 1144 1486 Antiquitutt.
1161 1400 1320 1468 Convival.
1338 1405 1368 1481 l,
1384 1406 1426 1464 st.
1449 1391 1450 1442 l

216 1495 281 1558 Nec
297 1504 393 1558 nuncu
411 1513 429 1556 a
446 1492 608 1575 gentilibus
629 1493 740 1556 haecce
757 1492 892 1556 conuiuia
914 1495 1092 1556 arcessenda
1107 1501 1192 1573 suut,
1216 1513 1284 1561 curu
1310 1491 1359 1554 hic
1373 1511 1426 1552 uuus

142 1643 147 1655 ,
215 1582 342 1666 prinum
351 1579 567 1668 Hierosolymis
581 1581 739 1644 obtinuerit
754 1576 831 1664 apud
843 1579 1026 1644 Christianos
1041 1580 1213 1662 pri-itiuos,
1231 1577 1426 1656 lictor.2,db.
1449 1609 1450 1642 ι

217 1670 269 1753 qni
285 1667 469 1737 omniauiuui
487 1669 648 1734 intentione
666 1671 880 1733 auersabantur
897 1667 1050 1749 gentilium
1067 1669 1141 1731 ritus
1160 1677 1187 1730 et
1204 1667 1391 1732 festivitates.

305 1756 449 1838 Majoreur
467 1757 526 1820 reri
541 1757 671 1839 speciem
687 1778 788 1820 cornua
806 1756 905 1839 opinio
923 1757 1021 1834 habet,
1038 1758 1088 1837 qui
1106 1777 1144 1818 ex
1161 1755 1295 1820 muribus
1307 1756 1426 1818 Judaeu-

216 1865 283 1908 ruuu
299 1844 391 1908 hasce
410 1843 553 1908 coitiones
578 1847 616 1908 ud
634 1845 811 1926 cupiendum,
832 1844 929 1906 cihnrn
951 1843 1128 1906 derivandos
1152 1863 1220 1906 esse
1245 1844 1426 1906 contendunt.

218 1932 393 1996 obtinuisse
416 1935 493 2012 apnd
509 1933 638 1995 ludaeos
661 1927 798 2002 conuicia
817 1931 922 2014 agapis
944 1930 1059 2006 affinia,
1084 1953 1100 1994 e
1117 1931 1252 2013 pluribus
1270 1931 1350 2010 legis
1367 1927 1426 1990 Mo-

218 2018 320 2082 saicae
335 2015 411 2080 locis
428 2015 530 2096 colligi
547 2025 654 2099 potest.
676 2019 745 2100 Mus¹
760 2019 817 2082 fuit
834 2021 911 2100 apud
924 2019 1087 2096 Hebraeos,
1104 2027 1135 2080 ut
1151 2021 1326 2082 sacerdotes
1342 2015 1425 2079 sauri-

219 2104 296 2170 liniis
319 2103 425 2185 epulus
453 2105 650 2186 adjungerent
680 2107 814 2188 hancque
839 2107 1079 2170 consuetudinem
1104 2128 1205 2170 omues
1230 2113 1424 2189 sequerentur,
1449 2127 1450 2158 t

219 2191 271 2274 qui
287 2211 410 2254 munera
426 2192 491 2262 Deo
505 2193 645 2269 offerent,
668 2195 706 2255 ad
724 2214 799 2275 quae
815 2195 929 2258 unicos
945 2194 1117 2276 vidensque
1141 2195 1301 2258 incitarent
1323 2211 1424 2274 paupe·

219 2299 344 2361 rumque
359 2278 494 2360 inprimis
510 2290 541 2343 et
560 2279 736 2362 pupillorum
753 2282 895 2344 rationem
912 2283 1063 2344 haberent.
1101 2283 1188 2360 Quod
1204 2283 1327 2364 quideuu
1345 2298 1424 2360 appa·
1449 2281 1450 2322 t

151 2443 155 2448 .,
220 2377 266 2430 ret
281 2365 448 2430 luculenter
463 2388 500 2429 ex
517 2368 593 2430 lucis
609 2369 704 2432 Lusit.
719 2367 751 2447 4,
769 2371 828 2448 26;
845 2371 884 2445 ⁷3
903 2367 959 2431 coll
976 2371 1137 2434 Deuterun.
1155 2368 1206 2448 12,
1228 2375 1279 2448 14,
1302 2371 1350 2432 16.
1372 2369 1423 2428 Jan

219 2475 291 2520 vero
307 2464 375 2518 ante
391 2454 576 2536 disciplinans
593 2456 719 2520 Musaici
736 2458 834 2520 cultus
851 2457 922 2520 talia
938 2457 1073 2522 convivia
1095 2468 1214 2540 recepta
1230 2457 1347 2538 fuisse,
1371 2453 1424 2515 dis·

219 2541 316 2606 eiuras
332 2561 371 2604 ex
389 2541 497 2606 Grues.
515 2541 568 2618 31,
586 2544 638 2605 54.
656 2544 724 2606 coll.
742 2545 837 2608 Enod.
853 2541 904 2622 18,
924 2547 981 2622 123
999 2543 1053 2622 22,
1068 2547 1100 2608 6.

307 2627 369 2690 Alii
390 2639 508 2692 mouent
523 2629 556 2692 iu
571 2632 735 2714 synagogis
750 2631 935 2696 xenodochia
956 2631 1068 2708 luisse,
1091 2633 1122 2695 in
1141 2633 1250 2715 quihus
1265 2645 1424 2716 synagogae

221 2714 369 2778 cuntibus
385 2715 513 2779 uiatores
530 2724 559 2780 et
575 2719 800 2800 peregrinantes
816 2719 946 2802 hospitio
969 2719 1193 2802 excipiebantur
1214 2721 1343 2802 indeque
1359 2713 1424 2777 deri·
1449 2757 1450 2776 t

221 2812 305 2866 ratas
320 2802 419 2866 luisse
432 2823 548 2885 agapas
562 2805 740 2870 existimant.
775 2807 1003 2882 veterascens,
1029 2808 1139 2886 dicunt,
1159 2800 1422 2878 Christianinnltis

220 2889 253 2954 iu
268 2893 359 2954 rebus
376 2890 542 2956 laudabiles
559 2914 779 2977 synagogarum
803 2916 899 2958 annes
923 2895 1026 2958 inuitati
1050 2906 1121 2958 snut
1136 2917 1192 2960 uec
1211 2893 1364 2978 probabile
1379 2895 1422 2962 est,

220 2979 260 3042 ab
277 2976 339 3041 illis
354 2980 593 3060 praetermissum
610 3001 678 3045 osse
703 3003 810 3046 uuureuu
826 3004 886 3046 non
909 2985 994 3044 uuodu
1012 2984 1091 3065 piuru
1113 2987 1165 3048 sed
1183 2995 1212 3047 et
1227 2978 1421 3048 senesanna.

220 3065 299 3130 cun
316 3067 393 3130 enirn
408 3069 533 3149 „neoti
551 3076 581 3132 et
595 3069 734 3152 discipuli
752 3069 990 3151 evangelizantes
1007 3079 1153 3152 pauperes
1177 3073 1250 3136 rutis
1265 3077 1364 3135 esseut
1376 3064 1422 3124 hu·

220 3173 345 3235 musque
362 3152 443 3216 multi
460 3175 528 3218 curn
544 3176 581 3218 ex
596 3165 757 3239 temporum
773 3158 926 3240 iniquitate
942 3167 1053 3222 tuuu'ex
1069 3159 1135 3240 ipso
1145 3158 1255 3224 Christi
1271 3162 1421 3242 μσισιρῑῡι

220 3240 345 3321 insuper
361 3242 400 3310 ob.
415 3242 627 3321 professionem
642 3241 790 3326 ‘euangelii
808 3245 930 3308 sedibus
945 3246 1011 3308 suis
1029 3247 1198 3326 exalarent„
1214 3247 1365 3328 flagitabat
1377 3242 1421 3300 ho·

221 3347 279 3393 nus
290 3327 451 3408 *euangelii
467 3330 632 3397 necesitas
649 3333 691 3396 rei
709 3343 737 3396 et
754 3333 849 3414 pietas
861 3333 1029 3416 caritasque
1041 3335 1208 3416 christiana,
1224 3346 1257 3398 ut
1272 3319 1420 3399 istiusnttli
1449 3365 1450 3418 p

157 3481 165 3487 ,
221 3414 354 3498 hospites
370 3413 421 3478 nti
438 3417 572 3480 subsidio
587 3419 687 3501 aliquo
703 3414 942 3484 sublevarentur(
1449 3427 1450 3438 ¹

311 3503 539 3594 Concedeudunr
556 3506 673 3588 quiden
689 3517 745 3588 est,
763 3508 948 3594 Christianus
960 3508 1085 3572 novitios
1100 3509 1288 3592 iugularem
1297 3501 1419 3570 latuisse

223 3613 324 3670 ourani
346 3591 517 3656 alendorum
543 3605 572 3656 et
595 3599 851 3662 sustentandorum
879 3617 1041 3679 pauperum
1064 3597 1160 3679 iisque
1188 3595 1362 3675 φιλοξενίαν
1375 3587 1418 3683 tl·¹

159 3736 161 3744 .
221 3683 340 3746 nodum
357 3683 586 3746 commendatam
610 3683 721 3762 luisse,
745 3687 824 3767 qnod
846 3684 929 3748 nolti
944 3684 1139 3748 Paulinumur
1163 3685 1350 3766 epistularum
1371 3675 1417 3736 1⁰⁰¹

224 3768 339 3833 docent.
371 3757 490 3834 admitti
512 3769 599 3834 etiarn
624 3779 737 3854 potest,
764 3794 780 3836 e
799 3773 965 3855 synagogis
984 3767 1061 3854 apid
1080 3772 1265 3838 Christianos
1289 3773 1417 3849 receptu!

222 3890 450 3908 m

291 3967 379 4034 *ine
400 3972 513 4028 Seneot.'
526 3976 569 4029 13.
605 3975 717 4030 Prinuuu
741 3977 821 4034 habui
839 3992 893 4030 scau
913 3993 942 4030 er
958 3979 1072 4031 sodutes.
1106 3978 1268 4032 Sodalituter
1292 3981 1369 4030 auten
1385 3974 1416 4016 tlt

223 4045 364 4122 qqaeatare
390 4043 548 4097 constitutae
572 4053 648 4113 snut,
676 4047 759 4099 sarcir
782 4046 880 4100 lrlnoir¹
920 4063 1002 4113 egrae
1026 4046 1118 4100 Metuis
1145 4049 1270 4116 receptio.
1304 4035 1416 4110 epulatur

224 4114 307 4190 ffliur
322 4123 382 4162 uun
402 4111 535 4164 uodahbuu
554 4117 656 4168 oduuino
674 4117 793 4182 nuudiooq
807 4116 857 4169 rel
877 4126 935 4170 erut
953 4118 1057 4185 quidum
1075 4111 1165 4170 lurvor
1181 4119 1293 4182 nontin
1310 4125 1355 4180 ott·
1371 4115 1415 4171 ΡΝ·

226 4177 377 4260 ssredreute,
406 4181 491 4231 unuin
510 4179 572 4234 hunt
587 4184 613 4235 iu
632 4185 687 4237 dies
703 4187 817 4238 mitiora.
854 4185 942 4254 Neque
959 4187 1027 4238 enin
1044 4187 1158 4256 ipsuum
1176 4188 1346 4240 conviviorum
1362 4169 1416 4226 ltlff

225 4252 365 4330 utam
383 4248 560 4316 volupmibus
577 4254 694 4321 conpone
711 4255 804 4320 unceis,
825 4271 901 4322 quoru
920 4263 995 4308 coetu
1015 4257 1155 4308 unicos-uun
1168 4263 1196 4308 et
1208 4251 1360 4309 cernuntur
1374 4251 1416 4322 μθ·

225 4315 321 4398 tucher.
351 4315 427 4398 'bene
445 4318 513 4369 cuiun
530 4320 642 4388 naiores
659 4325 741 4376 nostri
759 4325 948 4376 uouubitieuean
966 4326 1098 4394 spelman
1117 4326 1269 4394 amicorum,
1287 4320 1341 4392 quin
1358 4315 1413 4364 ntur

227 4390 435 4453 conpunctrnuen
454 4385 573 4456 haberet,
594 4392 740 4447 corinun
756 4393 931 4446 nominarunt.
1394 4421 1397 4431 ·
