2944 4890
541 126 577 187 de
593 123 809 190 restituione.
898 151 907 158 ·
1082 128 1086 132 ’
1219 121 1281 194 sal

64 293 230 358 infantibus
244 296 408 377 postulatos
424 296 516 360 fuisso
530 298 658 377 codices,
675 302 832 363 ostendunt
843 307 909 362 sota
921 299 1071 363 Saturnini
1085 309 1113 364 et
1124 303 1282 384 sociorum,

41 386 101 470 ¹nd
136 383 221 446 linem
249 385 349 466 Optati
376 388 491 448 adnexa
527 386 703 470 saepiusque
740 388 828 449 nobis
851 387 913 469 J'am
941 389 1112 453 citata-ln
1140 391 1177 454 iis
1206 395 1282 457 onim

64 471 211 534 sistuntur
228 473 405 536 Saturninus
427 473 544 556 junior,
571 475 661 538 lector
681 475 787 538 diserte
810 478 968 539 adolescens
986 490 1013 539 et
1030 479 1138 553 iuuenis
1160 492 1282 550 vocatus

63 560 108 642 (ξ.
128 560 178 623 12.
197 581 234 622 ex
253 564 298 622 ed.
314 562 438 640 Baluzii,
458 573 486 624 et
501 561 529 644 ᾗ.
542 561 591 624 14.
609 565 645 624 ad
663 563 798 626 Ruioarti
816 561 995 645 exemplum)
1015 586 1050 627 ae
1066 564 1201 628 Hilarior
1218 569 1282 632 sive
1314 559 1315 566 ἵ

64 646 259 726 ΗίΙιιιίιιιιιι,“
282 649 403 711 infamis
425 649 566 731 puerique
587 649 704 712 nomine
729 651 906 732 insignitus,
934 664 960 714 ct
985 653 1030 714 vel
1062 653 1130 716 inde
1155 656 1282 719 maximo

64 733 205 813 celebris,
226 739 302 817 quod
321 749 444 799 aetatem
465 757 548 800 suoru
569 734 719 816 parvulam
739 739 851 819 ingenti
871 739 1024 802 devotione
1043 742 1186 819 vincebat,
1205 765 1281 824 quoe

62 823 131 903 ipsa
155 835 285 886 actorum
311 827 400 887 verba
420 835 497 889 sunt.
545 825 737 888 Observanda
756 839 865 904 tamen,
894 848 969 908 qnae
989 826 1037 890 hic
1055 829 1161 909 optime
1184 841 1283 894 meoet

62 911 211 974 Batonius
231 915 268 974 od
285 935 352 976 ono.
370 915 444 974 303.
464 911 493 994 ξ.
511 913 563 974 36.
582 913 701 993 diceus:
723 919 790 976 Gom
806 918 851 977 bio
866 918 948 977 oudin
964 921 1111 994 torpentem,
1130 941 1164 978 oe
1179 925 1281 980 coisti-
1398 973 1399 980 ,

64 1021 123 1059 ares
143 1021 259 1079 puerum
282 1004 356 1062 buon
378 1023 436 1062 osee
452 1021 541 1079 nuper
563 1012 675 1074 notum,
699 1007 747 1082 qni
764 1005 825 1078 fori
842 1009 959 1064 ttesoiot:
984 1025 1051 1066 anm
1068 1007 1195 1085 loquendi
1213 1027 1283 1088 usus

62 1097 125 1148 etot
148 1090 224 1168 opud
242 1090 347 1166 Afros,
374 1099 405 1149 ut
429 1109 547 1168 qttoequo
567 1110 668 1168 pueros
687 1092 811 1164 insontes
832 1094 960 1154 dicerent.
994 1092 1038 1152 lta
1060 1091 1187 1155 iolirutes
1211 1093 1281 1156 olim

62 1173 129 1236 sive
156 1196 263 1256 pueros
286 1175 317 1236 in
342 1175 469 1238 eeclesia
488 1174 584 1237 fuisse
603 1173 730 1238 lectores
751 1177 941 1254 constitutos,
962 1190 1116 1260 antequam
1137 1180 1164 1240 id
1184 1181 1281 1242 lusti-

62 1261 173 1323 niauus
195 1272 320 1340 vetaret,
341 1263 430 1325 variis
449 1262 591 1342 exemplis
613 1267 782 1345 comprobat
799 1267 860 1329 los.
880 1266 1062 1346 Biogbamus
1089 1272 1185 1348 (Orio.
1204 1273 1280 1331 Eunt.

65 1353 129 1412 Vol.
148 1357 189 1412 Π.
213 1374 241 1432 p.
260 1354 301 1411 34
315 1353 381 1429 se),
408 1351 475 1414 inde
495 1349 583 1412 ruoris
600 1351 689 1432 bujns
705 1353 848 1432 originem
866 1353 1019 1432 derivans,
1046 1357 1121 1435 quod
1142 1367 1279 1434 parentes

60 1435 142 1498 lilios
163 1459 235 1500 suos
258 1451 466 1518 nonuunquam
490 1441 526 1500 ab
546 1438 735 1500 incunabulis
761 1440 815 1500 Dei
845 1439 1006 1501 ministerio
1034 1441 1232 1504 dedicaverint
1252 1453 1281 1506 et

60 1526 106 1588 sio
124 1547 176 1606 per
192 1526 348 1588 inferiores
366 1527 483 1588 ordines
500 1527 537 1586 ad
556 1526 668 1607 majora
684 1525 782 1587 officia
798 1527 1051 1607 praeparaveriot3
1071 1549 1159 1590 secus
1172 1541 1279 1610 tamen,

57 1635 119 1674 nou
139 1613 259 1691 rectius,
283 1622 416 1676 sentente
436 1612 574 1688 Baronio‚
599 1614 648 1692 qui
678 1625 709 1674 ut
725 1615 876 1693 hypothesi
892 1634 965 1678 suae
982 1616 1138 1690 inserviat,
1161 1617 1221 1698 jaun
1240 1619 1278 1679 ab

59 1699 263 1782 apostolorum
288 1702 466 1782 temporibus
486 1700 611 1762 clericos
635 1700 665 1762 io
689 1701 785 1764 sacris
806 1702 959 1764 ordinibus
976 1704 1166 1778 constitutos,
1192 1705 1278 1768 etiam

60 1789 91 1850 io
117 1788 259 1851 Africana
286 1789 415 1852 eeclesia
434 1788 610 1850 coelibatum
636 1808 771 1852 servasse
795 1789 924 1868 adserit3
956 1793 1033 1871 quod
1058 1795 1144 1874 quom
1168 1792 1280 1856 frustra

60 1877 143 1938 dicat
159 1897 195 1940 oc
211 1879 319 1958 inepte,
338 1877 390 1938 olii
405 1877 548 1958 judicent.

152 1967 206 2030 let
232 1965 264 2026 ld
283 1966 398 2046 quidem
418 1974 479 2040 est,
500 1965 577 2044 quod
603 1963 677 2026 male
700 1962 789 2026 babet
806 1961 963 2044 religionis
981 1965 1147 2046 pontificiae
1171 1969 1277 2031 delen-

59 2073 164 2130 sores‚
190 2053 248 2133 qui,
274 2057 340 2114 duro
360 2054 397 2113 ab
416 2051 554 2131 episeopo
572 2050 705 2113 Romano
721 2050 791 2114 laici
810 2053 886 2114 sacri
905 2053 1017 2115 codicis
1034 2053 1160 2117 lectione
1178 2058 1278 2136 probi-

58 2143 175 2216 bentur,
191 2139 260 2201 huic
279 2140 337 2221 ipsi
352 2138 493 2219 impietati
514 2158 587 2200 sune
604 2161 640 2200 ox
657 2139 777 2222 antiqua
795 2140 941 2204 eeclesiae
960 2142 1130 2204 vetustioris
1146 2166 1276 2208 consue-

58 2228 161 2290 tudine
177 2228 276 2290 sucuro
296 2229 394 2290 lacere
410 2225 519 2308 volunt,
541 2229 759 2302 contendentes,
777 2231 899 2289 eundem
917 2249 1034 2310 quoque
1053 2231 1208 2293 morem'in
1224 2232 1277 2294 illa

59 2315 235 2380 obtinuisse.
270 2317 375 2379 Verum
393 2334 480 2396 quam
496 2313 601 2376 frivole
616 2312 690 2376 haee
706 2315 848 2390 dicantur,
866 2315 953 2396 longe
970 2316 1143 2378 clarissimis
1162 2319 1276 2379 ostendi

58 2413 158 2483 potest
169 2403 360 2484 argumentis.
380 2401 493 2466 Habuit
508 2415 586 2464 certe
603 2401 730 2464 ecelesia
746 2423 941 2484 unaquaequo
955 2422 1026 2464 suos
1041 2405 1158 2466 codices
1174 2397 1275 2486 ploti:

58 2511 121 2566 oos,
139 2489 280 2553 laicorum
296 2491 375 2568 usui,
392 2489 483 2571 siqui
501 2509 600 2551 eorum
618 2489 756 2552 adbibere
772 2488 842 2552 illos
859 2489 975 2568 vellent,
994 2491 1164 2556 destinatos.
1196 2493 1276 2570 Quid

60 2578 138 2640 enim
165 2578 273 2642 clarius
298 2601 364 2642 esse
391 2589 484 2659 potest
508 2577 559 2637 illo
585 2576 697 2657 leenaei
725 2577 909 2654 testimonio,
940 2601 997 2661 quo
1025 2583 1061 2640 ad
1089 2583 1276 2663 presbyteros

57 2668 198 2728 amandat
216 2665 284 2728 illos
310 2685 429 2742 omnes,
456 2665 505 2746 qni
526 2664 660 2745 exempla
683 2665 846 2745 scripturae
865 2665 982 2746 integra
1006 2679 1035 2730 et
1059 2690 1118 2730 noo
1139 2677 1277 2750 corrupta

60 2754 197 2816 evolvere
215 2755 350 2834 cupiunt,
375 2753 481 2834 quippe
500 2751 617 2832 publico
636 2755 808 2836 auctoritato
828 2754 1000 2816 constitutos
1021 2775 1171 2817 sacrorum
1190 2758 1276 2818 rolu-

57 2841 170 2902 minum
191 2845 340 2904 custodes.
379 2843 476 2908 lromo
496 2859 564 2899 vero
583 2849 611 2901 et
633 2839 820 2921 sequioribus
845 2841 957 2902 seculis
977 2843 1052 2902 idern
1072 2843 1166 2904 fuisse
1184 2842 1275 2904 insti-

57 2941 161 3004 tutum,
186 2941 216 2991 ut
235 2929 325 2991 biblia
342 2929 445 3005 lingua
464 2927 580 3006 vulgari
598 2926 628 2987 iu
648 2931 798 2988 oomroodo
817 2928 962 2991 ecclesiae
980 2928 1044 2990 loco
1062 2930 1157 3010 posita
1176 2941 1282 3001 esseut¹

55 3039 111 3098 pro
129 3016 248 3098 populo,
271 3026 304 3078 ut
320 3039 371 3098 pro
389 3013 495 3091 lubitu,
520 3015 546 3074 si
568 3015 617 3095 qui
635 3015 684 3095 pia
699 3015 889 3077 inclinatione
909 3036 943 3076 eo
964 3016 1121 3093 ferrentur,
1145 3019 1275 3100 scriptu·

55 3125 157 3166 rarum
181 3103 307 3168 lectione
332 3115 400 3167 onte
423 3100 469 3163 vel
497 3113 562 3181 post
588 3101 677 3163 divini
701 3103 789 3163 officii
814 3113 927 3183 tempus
948 3104 1075 3166 aoirourn
1101 3117 1274 3186 occupatum

54 3192 170 3256 babere
193 3204 330 3274 possent,
363 3189 530 3253 observavit
550 3189 730 3266 Biogharnus
755 3196 831 3270 Orto.
851 3195 923 3253 Eool.
945 3195 1004 3253 Vol.
1023 3195 1052 3254 5.
1077 3215 1105 3273 p.
1123 3197 1164 3252 44
1181 3215 1220 3255 se.
1248 3204 1276 3254 et

56 3281 203 3360 exenvplis
222 3283 376 3343 admodum
395 3276 561 3340 illustribus
579 3277 702 3338 evictum
721 3277 815 3353 dedit3
841 3299 1007 3360 quanquam
1025 3280 1055 3340 in
1073 3301 1108 3342 eo
1128 3303 1187 3343 rem
1206 3281 1274 3342 mibi

55 3389 114 3430 aou
133 3368 267 3448 tetigisse
284 3389 342 3430 noo
359 3367 501 3442 videatur,
522 3367 599 3446 quod
617 3364 841 3426 Constantinum
858 3367 901 3428 M.
921 3370 957 3428 ob
975 3368 1053 3429 illam
1073 3379 1182 3432 tantum
1201 3367 1301 3429 cau-'

54 3477 120 3518 saro
144 3459 301 3518 mandasse
321 3458 436 3530 credat,
465 3463 495 3514 ut
515 3452 729 3534 quinquaginta
749 3453 930 3534 exemplaria
951 3453 1107 3517 bibliorum
1133 3457 1162 3517 io
1189 3476 1275 3518 usum

56 3543 134 3614 eorl!
162 3541 506 3624 Constantinopolitanae
539 3540 777 3612 coufit·ereutur;
814 3561 878 3602 curn
912 3543 1017 3605 exinde
1047 3545 1145 3624 potius
1171 3564 1274 3606 ansam

55 3633 175 3712 cepisse
191 3632 355 3696 existimem
371 3632 584 3710 imperatorem,
603 3631 678 3708 quod
698 3651 749 3709 por
765 3627 941 3692 Diocletiani
959 3631 1068 3692 rabiem
1086 3642 1126 3693 tot
1142 3633 1275 3694 codicum

55 3721 91 3782 S.
111 3719 201 3782 millio
227 3721 376 3800 perierint.
421 3717 528 3780 Verum
549 3736 625 3797 quero
650 3717 769 3795 publica
786 3717 931 3780 ecclesiae
950 3739 1022 3780 cura
1049 3718 1104 3780 luit
1122 3719 1274 3797 laicorum,

56 3809 181 3868 eaodem
200 3819 227 3869 ot
245 3808 275 3868 bi
293 3807 351 3888 ipsi
369 3807 574 3880 adhibuerunt,
592 3814 624 3865 ut
643 3803 717 3864 domi
736 3825 801 3865 com
821 3805 883 3866 suis
901 3805 1033 3885 legerent
1048 3803 1275 3889 relegereotque

54 3896 112 3956 Dei
133 3895 249 3976 eloquia
272 3905 359 3976 atque
378 3893 421 3956 sio
440 3894 476 3953 ad
494 3889 644 3970 publicum
665 3891 772 3953 cultum
791 3893 905 3953 aniruos
922 3914 993 3954 suos
1015 3907 1225 3974 praepararent
1247 3905 1276 3958 et

56 3993 276 4061 componerent.
323 3980 458 4045 Ostendit
484 3979 556 4040 illud
584 4001 699 4061 quoqne
719 3979 958 4041 manifestissime
983 3981 1168 4066 Buingbamus
1199 3987 1233 4058 (l.
1251 4007 1301 4047 c..

53 4093 83 4150 p.
103 4071 215 4150 tideo.)
242 4078 271 4132 et
290 4091 326 4133 ex
344 4069 420 4150 ipsis
444 4078 600 4148 martyrum
620 4069 709 4144 actis,
735 4067 784 4146 qui
803 4071 859 4128 sub
883 4066 939 4130 bae
957 4071 1162 4148 perseeutione
1186 4072 1274 4133 vitam

53 4179 143 4239 quam
162 4158 279 4221 codices
292 4159 325 4222 S.
342 4159 465 4238 perdere
481 4155 655 4232 maluerunt,
673 4154 768 4229 evicit,
784 4175 802 4216 a
817 4155 933 4217 nerrtioe
947 4178 1085 4238 unquam,
1103 4159 1158 4220 nisi
1176 4179 1274 4238 paga-

51 4246 102 4308 uis
131 4247 371 4328 persecutoribus
396 4243 476 4305 illam
503 4242 737 4306 Christianorum
764 4239 929 4305 libertatem
954 4244 1049 4308 fuisse
1074 4245 1210 4308 violatam
1242 4253 1274 4305 ut

50 4337 129 4400 adeo
156 4336 350 4398 certissimum
375 4332 425 4411 lit,
450 4331 592 4396 babuisse
617 4331 684 4396 olim
710 4330 805 4394 laicos
831 4341 859 4396 et
881 4332 1002 4398 assidue
1022 4334 1099 4396 domi
1122 4333 1274 4398 lectitasse
1379 4375 1382 4382 ,

100 4435 448 4490 Taon.·nttqunoeu=nt.11.o.
959 4483 961 4488 ,
1028 4439 1071 4502 21
